3310 5262
39 1539 41 1566 1

39 1577 41 1598 ι

39 2165 40 2178 l

39 2237 40 2262 l

501 1613 763 1723 LIBER
810 1613 1047 1723 XVIII.

677 1891 873 1901 ——-———

235 2073 277 2132 47
304 2073 336 2132 et
360 2074 411 2133 65.
435 2071 613 2146 Diligenter
635 2073 790 2131 annotare
814 2069 926 2130 soletiS
945 2070 974 2129 si
995 2070 1049 2144 qui
1068 2086 1183 2131 versus
1202 2071 1254 2131 vel
1273 2073 1362 2132 totus

188 2187 243 2246 vel
273 2203 348 2262 pars
380 2187 449 2247 eius
476 2187 552 2247 alibi
574 2187 719 2261 recurrit,
744 2186 840 2259 atque
863 2199 1058 2259 magnopere
1082 2184 1137 2244 illa
1160 2199 1193 2244 re
1214 2185 1363 2244 editionis

188 2301 320 2360 vestrae
351 2301 526 2361 utilitatem
557 2300 706 2360 auxistis,
738 2299 794 2358 Bis
824 2301 936 2359 tamen
962 2299 996 2358 in
1018 2298 1079 2357 hoc
1101 2298 1181 2358 libro
1205 2300 1364 2360 eiusmodi

188 2415 435 2474 annotationem
458 2414 617 2494 omisistis
640 2413 694 2473 ubi
717 2413 803 2474 haud
825 2413 917 2488 parvi
940 2413 1056 2472 fuisset
1082 2413 1250 2472 momenti.
1272 2415 1363 2474 Alter

187 2529 281 2590 locus
312 2530 362 2588 est
388 2528 442 2588 ubi
469 2529 630 2589 Antinous
653 2530 798 2604 praemia
820 2529 969 2604 proponit
992 2527 1059 2587 lam
1083 2527 1149 2586 iam
1172 2529 1363 2603 pugnaturis

188 2644 242 2703 Iro
267 2644 362 2716 atque
384 2642 497 2716 Ulyssi
519 2643 571 2702 his
594 2643 701 2703 verbis
725 2645 778 2713 (44
800 2646 899 2716 sqq.):

369 2752 503 2835 γαστέρες
527 2751 585 2815 αἵδ’
613 2755 704 2836 αἰγῶν
727 2751 808 2815 κέατ’
836 2752 867 2815 ίν
890 2753 972 2834 πυρὶ,
994 2753 1045 2826 τὰς
1069 2751 1116 2814 ἐπὶ
1138 2754 1238 2840 δόρπῳ

368 2866 540 2947 κατθέμεθα
562 2869 666 2947 κνίσης
688 2890 717 2928 τε
739 2868 789 2928 καὶ
813 2867 935 2946 αἵματος
960 2867 1166 2946 ἐμπλήσαντες.

369 2978 529 3062 ὁππότερος
553 2980 585 3042 δε’
607 3004 639 3041 κε
661 2982 768 3066 νικήσῃ
791 2981 933 3061 κρείσσων
955 3005 985 3042 τε
1007 2981 1136 3062 γένηται,

259 3117 264 3127 ·
368 3093 447 3155 τοίων
469 3094 508 3174 ήν
529 3089 558 3154 κ’
584 3093 722 3177 ἐθέλῃσιν
745 3093 873 3167 ἀναστὰς
897 3094 986 3168 αὐτὸς
1009 3094 1129 3156 ἕλε’σθω.

234 3209 379 3270 Ultimus
402 3212 513 3270 autem
537 3225 649 3270 versus
669 3211 754 3270 haud
774 3211 868 3271 dubie
887 3211 993 3271 factus
1014 3214 1064 3272 est
1083 3212 1123 3271 ad
1142 3210 1360 3269 imitationem

189 3325 261 3383 eius
284 3325 338 3397 qui
361 3324 395 3384 in
417 3323 516 3383 Iliade
539 3323 657 3398 legitur
680 3325 695 3383 I
722 3326 801 3385 146:

368 3440 443 3515 τρεῖς
467 3433 499 3495 δέ
520 3437 573 3514 μοί
593 3436 648 3497 εἰσι
671 3437 818 3517 θύγατρες
842 3436 885 3499 ἐνὶ
908 3436 1024 3522 μεγάρῳ
1048 3435 1081 3498 ἐὺ
1104 3445 1215 3519 πηκτῷ,

369 3547 560 3630 Χρυσόθεμις
582 3547 632 3609 καλ
654 3551 792 3628 Λαοδίκη
814 3548 864 3611 καλ
887 3550 1107 3628 Ριφιίάνασσα·

367 3661 470 3723 τάων
499 3661 545 3741 ήν
575 3659 601 3722 κ’
637 3661 798 3748 ἐθέλῃσι
822 3663 913 3742 φίλην
937 3661 1101 3724 ἀνέόεδνον
1123 3660 1249 3743 ἀγέσθω.

235 3777 327 3838 Alter
345 3777 440 3852 paulo
459 3779 533 3852 post
551 3778 686 3854 legitur:
704 3779 770 3839 illio
789 3779 1002 3839 Telemachus
1021 3779 1176 3853 Ulyssem
1192 3777 1363 3839 confirmat

190 3892 392 3951 metuentem
415 3906 456 3950 ne
479 3891 551 3965 quis
574 3907 744 3968 procorum
767 3892 818 3951 Iro
842 3908 936 3967 opem
959 3893 1003 3952 sit
1025 3892 1151 3954 laturus
1175 3895 1226 3964 (61
1251 3895 1350 3967 sqq.):

370 3997 449 4082 ξεῖν’,
470 4002 500 4064 εί
519 3998 545 4063 α’
572 4000 686 4081 ὀτρύνει
709 4003 817 4082 κραδίη
840 4001 890 4063 καλ
912 4003 1012 4083 θυμὸς
1036 4003 1154 4086 ἀγήνωρ

369 4126 476 4179 τοῦτον
499 4115 669 4196 ἀλέξασθαι,
690 4126 749 4178 τῶν
773 4113 800 4177 δ’
827 4115 923 4178 ἀλλων
946 4119 986 4198 μή
1010 4115 1063 4180 τιν’
1092 4125 1212 4200 Ἀχαιῶν

372 4226 503 4292 δέδλιθ·
527 4229 589 4292 ἐπεὶ
610 4231 763 4293 πλεόνεσσι
785 4229 965 4312 μαχέσσεται,
988 4233 1020 4307 ὅς
1042 4231 1075 4294 κέ
1097 4251 1128 4294 σε
1152 4234 1248 4318 θείνῃ.

371 4344 537 4420 ξεινοδόκος
561 4343 614 4426 μλν
635 4343 719 4427 ἐγὼν,
741 4343 789 4407 ἕπλ
812 4341 838 4406 δ’
865 4345 996 4408 αίνίετον
1019 4349 1139 4427 βασιλήε

371 4459 515 4534 Ἀντίνοός
538 4460 638 4522 τεκαὶ
663 4460 851 4542 Εαλρύμαχος,
872 4459 1049 4540 πεπνυμένω
1073 4459 1171 4538 ἄμφω.
