3310 5262
800 627 862 686 136

244 816 349 873 semet
383 815 491 888 ipsum
526 814 705 876 contemnit
735 815 771 874 ut
801 814 885 873 sen'o
917 815 1027 873 credat
1057 816 1114 874 aut
1144 816 1238 889 piane
1269 814 1418 874 inutilem

244 945 341 988 suum
368 944 440 988 esse
463 929 607 989 laborem
630 930 687 988 aut
713 928 775 987 sibi
798 928 858 988 soii
882 927 1006 987 utilem.
1033 929 1093 988 Sed
1113 929 1188 1002 quid
1208 931 1240 988 et
1259 930 1419 1002 quantum

244 1042 319 1102 boni
350 1043 506 1102 haberent
536 1042 778 1104 observationes
808 1056 902 1100 meae
925 1041 990 1101 Ves
1013 1042 1222 1115 potissimum
1245 1041 1420 1102 diiudicare

244 1156 402 1216 volebam.
422 1157 493 1215 Non
512 1157 595 1230 qued
615 1157 751 1231 posthac
770 1156 803 1214 in
822 1156 939 1215 Vestra
958 1157 1057 1217 verba
1072 1157 1178 1216 iurare
1190 1157 1417 1230 decrevissem,

243 1270 300 1328 sed
320 1271 403 1343 qued
423 1270 566 1330 sciebam
586 1270 692 1329 nullos
711 1270 817 1344 magis
837 1285 935 1343 quam
955 1270 1020 1328 Ves
1040 1270 1073 1329 in
1095 1270 1202 1344 aliquo
1222 1271 1303 1330 libre
1324 1271 1418 1330 aesti-

242 1383 370 1458 mande,
402 1383 471 1442 sive
503 1383 541 1442 ab
566 1384 670 1443 amice
694 1384 833 1458 scriptus
856 1383 910 1442 iile
934 1385 1022 1443 esset
1045 1385 1114 1444 sive
1138 1385 1177 1444 ab
1203 1385 1321 1459 ignoto,
1347 1399 1418 1443 rem

243 1496 349 1569 ipsam
368 1497 514 1569 spectare
533 1497 646 1572 solere,
668 1499 709 1573 et,
732 1513 806 1557 cum
826 1497 865 1555 de
884 1497 1025 1558 Homero
1046 1500 1203 1573 ageretur,
1226 1498 1291 1557 Vos
1304 1497 1421 1557 ceteris

246 1609 396 1667 omnibus
415 1623 485 1667 rem
505 1611 615 1668 tenere
634 1609 762 1670 melius.
784 1610 876 1670 Hanc
896 1625 970 1684 ergo
991 1610 1301 1670 commentationem
1321 1611 1421 1670 Vobis

246 1722 425 1782 inscribens
455 1722 692 1795 quodammode
722 1726 760 1784 ut
785 1724 976 1784 Vestrorum
1000 1724 1038 1783 de
1062 1724 1203 1784 Homero
1227 1724 1420 1783 meritorum

246 1835 410 1908 publicum
445 1838 591 1897 exstaret
620 1839 870 1898 monumentum
903 1837 1004 1897 effeci.
1038 1837 1125 1912 Quod
1156 1837 1185 1897 si
1216 1836 1315 1896 Vobis
1338 1836 1424 1895 exile

247 1949 415 2024 videbitur,
448 1950 651 2010 veluntatem
685 1952 793 2026 potius
829 1951 898 2010 eius
929 1951 983 2024 qui
1016 1951 1160 2025 exegerit
1191 1966 1290 2024 quam
1322 1949 1425 2024 ipsius

248 2063 388 2136 pretium
412 2064 666 2124 considerabitis
691 2065 814 2125 Valete.
