3270 5262
647 1651 904 1762 nissna
948 1652 1072 1760 XV.
1116 1709 1119 1715 ·

316 2097 333 2154 7
359 2112 406 2169 sq.
456 2089 626 2171 Τηλέμαχον
651 2089 676 2153 δ’
705 2091 759 2172 οὐχ
781 2093 876 2165 ὕπνος
900 2091 943 2171 ἔχε
966 2093 1085 2172 γλυκὺς,
1107 2085 1163 2150 ἀλλ’
1191 2087 1235 2150 ε’νὶ
1259 2095 1348 2173 θυμῷ

456 2191 549 2267 νήκτα
573 2201 606 2267 δι’
634 2204 801 2286 ἀμβροσίην
824 2205 1008 2284 μελεδήματα
1031 2203 1140 2285 πατρὸς
1163 2202 1260 2283 ἔγειρε.

315 2323 392 2382 Mihi
410 2322 615 2397 ineptissima
634 2321 761 2380 videtur
781 2321 980 2380 scholiastae
1000 2317 1222 2393 interpretatio
1244 2333 1358 2392 „curae
1371 2331 1447 2376 eum

272 2453 288 2496 e
313 2451 426 2496 somno
451 2434 668 2494 excitabant.”
693 2434 821 2493 Etenim
844 2434 901 2492 vix
922 2433 1096 2506 quidquam
1118 2431 1253 2512 cogitari
1273 2431 1376 2504 possit
1396 2429 1447 2489 ab·

271 2549 399 2608 surdius
423 2563 521 2620 quam
541 2547 636 2606 illud:
660 2562 775 2620 „curae
795 2562 870 2606 eum
891 2561 908 2604 e
928 2560 1042 2604 somno
1063 2541 1094 2602 ἐν
1114 2549 1203 2626 θυμῷ
1220 2542 1446 2614 excitabant”;

271 2663 438 2735 praeterea
468 2660 496 2719 si
527 2658 617 2738 ἔγειρε
648 2661 709 2729 (vel
741 2657 862 2738 ἔγειρεν)
895 2660 947 2717 hio
978 2660 1028 2717 est
1059 2657 1329 2731 excitabant,
1362 2656 1448 2716 male

271 2776 433 2835 omittitur
470 2776 632 2834 obiectum
665 2774 710 2832 ίε.
742 2774 803 2833 Sed
834 2775 895 2834 hoc
926 2773 1055 2846 quidem
1091 2771 1210 2831 vitium
1246 2770 1446 2830 scholiastae

272 2889 529 2963 interpretationi
553 2904 724 2948 commune
748 2890 798 2947 est
822 2903 893 2947 cum
920 2887 1057 2946 lectione
1081 2883 1189 2963 ἕταρον
1214 2900 1312 2958 quam
1335 2898 1393 2942 vos
1414 2884 1448 2941 ot

272 3004 417 3063 Naberus
448 3003 693 3062 commendatis.
725 3003 806 3075 Ergo
838 3003 894 3060 aut
925 2996 968 3058 ἐνὶ
998 3004 1088 3082 θυμῷ
1121 2998 1302 3075 μελεδήματα
1327 2994 1447 3075 ἕγειρειν

273 3119 323 3176 est
364 3117 447 3178 fere:
494 3132 607 3191 „curas
642 3116 916 3190 cogitationesque
951 3115 1060 3174 animo
1095 3113 1246 3172 volvere'’
1282 3113 1339 3171 aut
1373 3125 1448 3169 cum

272 3231 415 3290 Nauckio
446 3227 750 3306 1οςοαᾱοαείχεσκε.
783 3228 844 3288 Sed
874 3227 953 3286 illud
984 3226 1210 3286 verisimilius:
1239 3226 1336 3284 homo
1360 3224 1449 3284 enim

273 3345 380 3404 dolore
412 3345 517 3417 aliquo
549 3358 721 3417 oppressus
752 3357 829 3401 suas
860 3341 928 3414 ipse
959 3356 1053 3400 curas
1084 3339 1243 3413 vigiles
1271 3339 1384 3398 reddit.
1410 3337 1451 3398 Et

273 3458 408 3518 Nauckii
431 3457 526 3518 lectio
550 3456 736 3529 nescioquid
760 3455 857 3514 habet
880 3455 996 3528 frigidi.

319 3695 360 3754 46
385 3710 432 3768 sq.
457 3694 517 3753 His
540 3694 647 3753 vorbis
670 3692 880 3751 Pisistratum
904 3705 921 3749 e
944 3705 1059 3749 somno
1082 3689 1205 3750 excitat
1216 3688 1449 3748 Telemachus:

463 3805 554 3886 ἔγρεο,
576 3804 743 3885 Νεστορίδη
768 3802 966 3883 Πεισίστρατε,
989 3802 1126 3881 μώνυχας
1151 3801 1260 3873 ἴπποος

465 3921 566 3993 ζεῦξον
589 3915 640 3996 ὑφ’
666 3913 766 3998 ἅρματ’
793 3915 884 3998 ίίγων,
907 3913 987 3996 ὄφρα
1010 3916 1187 3996 πρήσσωμεν
1211 3913 1302 3976 ὁδοῖο.

320 4036 412 4110 Turn,
446 4037 482 4094 ut
512 4035 632 4110 opinor,
664 4035 750 4093 recte
782 4033 843 4092 duo
874 4032 1059 4105 imperativi
1086 4027 1254 4102 ἀσονδὲτως
1277 4032 1451 4106 ponuntur,

276 4150 304 4209 si
338 4150 432 4224 prior,
469 4150 639 4221 tamquam
673 4146 832 4219 quaedam
866 4146 1056 4221 interiectio⁷
1093 4145 1218 4204 nullam
1252 4145 1321 4203 vim
1352 4143 1453 4203 habet

275 4265 438 4339 propriam
472 4263 528 4322 sed
563 4261 789 4322 tantummodo
825 4261 958 4320 alterius
991 4260 1060 4318 vim
1091 4260 1197 4332 auget.
1232 4258 1293 4318 Sed
1326 4254 1451 4337 ἔγρεο-

277 4379 378 4448 §sagon
402 4376 489 4436 nullo
512 4376 731 4435 intercedente
754 4375 883 4435 vinculo
906 4374 1119 4437 durissimum
1143 4374 1195 4433 est
1218 4374 1251 4433 ot
1273 4372 1331 4432 vix
1349 4371 1452 4432 feren-

277 4492 364 4554 dum.
394 4490 497 4570 Quare
517 4503 558 4550 ex
578 4484 661 4570 ίγρεε
682 4487 760 4550 iilud
780 4485 860 4571 ἔγρεο
881 4490 996 4550 natum
1016 4487 1170 4565 suspicor.
1192 4484 1237 4548 Of.
1259 4509 1277 4546 υ
1301 4485 1364 4546 149
1384 4498 1432 4560 sq.
