3270 5262
739 704 778 764 67

163 907 343 952 mensas
374 893 408 950 in
437 892 510 950 sinu
535 891 638 950 celare
670 890 795 950 dicatur
825 890 1027 950 efficiendum
1059 893 1118 965 est,
1143 891 1171 948 si
1194 906 1259 950 non
1281 891 1347 950 leni

163 1006 399 1066 emendatione
423 1007 457 1064 at
480 1004 602 1065 audaci.

213 1169 284 1228 518
320 1183 388 1240 sqq.
420 1167 605 1226 Telemachi
634 1166 728 1226 navis
759 1167 798 1226 ab
829 1165 944 1226 itinere
974 1167 1057 1226 redit
1087 1167 1250 1226 Ithacam:
1282 1183 1347 1227 non

161 1283 286 1341 tamen
316 1283 430 1341 statim
460 1282 500 1340 ad
530 1281 644 1340 urbem
668 1281 824 1355 dirigitur,
849 1280 906 1338 sed
929 1281 1018 1353 prius
1042 1277 1073 1338 ἕν
1097 1279 1176 1363 ὅρμῳ
1200 1301 1257 1338 τινι
1280 1281 1347 1340 alli·

160 1398 278 1470 gatur,
302 1395 358 1455 ubi
376 1395 589 1455 Telemachus
608 1394 740 1467 eiusque
761 1393 840 1453 socii
860 1395 892 1453 in
912 1396 999 1453 terra
1016 1395 1188 1468 prandium
1208 1396 1347 1469 capiunt.

162 1510 239 1584 Quo
273 1510 402 1584 peracto
433 1509 690 1582 Theoclymenus
721 1508 824 1583 exsul,
857 1523 953 1581 quem
984 1523 1096 1566 secum
1127 1509 1228 1584 duxit,
1261 1510 1347 1570 Tele-

161 1624 328 1683 machum
363 1624 455 1696 rogat
485 1623 525 1682 ad
555 1637 731 1695 quemnam
762 1622 982 1681 Ithacensium
1013 1637 1048 1680 se
1080 1625 1257 1684 convertat.
1289 1625 1346 1683 Re·

161 1737 311 1812 spondet
352 1736 580 1809 Telemachus;
627 1736 709 1811 „alio
743 1738 888 1809 tempore
923 1736 955 1795 te
990 1750 1099 1794 meam
1134 1736 1267 1795 domum
1302 1738 1348 1797 ire

161 1852 328 1926 iuberem,
364 1850 420 1909 sed
454 1865 539 1909 nunc
573 1849 605 1908 id
635 1850 740 1908 facere
770 1864 834 1908 non
864 1864 1007 1923 possum,
1040 1849 1115 1921 quia
1145 1865 1248 1923 neque
1280 1851 1348 1924 ipse

162 1965 270 2023 adero
294 1979 397 2036 neque
420 1966 453 2023 te
476 1965 582 2022 mater
602 1978 677 2022 mea
699 1963 808 2022 videre
831 1961 981 2036 poterit.'’
1005 1961 1088 2020 Tum
1112 1963 1192 2021 haec
1216 1963 1320 2022 addit:

353 2073 426 2136 ἄλλοί
448 2098 493 2136 τοι
515 2074 604 2136 ὀίλλον
628 2084 712 2153 φῶτα
732 2076 949 2153 πιφαύσκομαι,
972 2073 1006 2134 ὅν
1028 2096 1078 2134 κεν
1103 2073 1189 2151 ἵκοιο,

354 2189 537 2270 Εὐρύμαχον
561 2190 714 2268 Πολύβοιο
738 2188 900 2268 δαΐφρονος
924 2185 1035 2268 ἀγλαὸν
1057 2186 1136 2266 υἱὸν,

352 2301 404 2364 τὸν
426 2311 484 2362 νῦν
506 2304 579 2362 ίῖσα
601 2308 664 2384 θεῷ
684 2297 850 2379 Ἰθακήσιοι
873 2293 1048 2381 εἰσοράουσι·

353 2413 480 2497 καὶγὰρ
504 2415 613 2477 πολλὸν
637 2413 753 2495 ὀίριστος
776 2413 853 2494 ἀνήρ
877 2412 1003 2493 μέμονέν
1026 2438 1055 2476 τε
1078 2415 1201 2494 μάλιστα

353 2524 447 2608 μητέρ’
474 2527 548 2607 ἐμήν
570 2527 688 2608 γαμέειν
711 2526 761 2589 καί
781 2524 943 2606 Ὀδυσσῆος
965 2526 1051 2608 γε’ρας
1074 2529 1173 2607 ἴσχειν.

215 2644 300 2720 Quid
329 2645 391 2703 sibi
421 2645 492 2704 vult
522 2645 601 2703 haec
628 2643 824 2716 Eurymachi
847 2643 1137 2702 commemoratio?
1161 2644 1236 2703 Mox
1260 2645 1347 2704 enim

164 2760 267 2818 iussu
297 2758 481 2818 Telemachi
512 2773 576 2816 non
607 2757 646 2816 ab
677 2757 879 2829 Eurymacho
910 2756 968 2815 sed
995 2756 1149 2816 aPiraeo
1173 2759 1271 2832 recipi
1295 2760 1347 2818 ho-

165 2873 295 2947 spitem
324 2871 472 2945 legimus.
504 2871 556 2929 An
586 2871 728 2944 primurn
759 2870 923 2929 neminem
953 2869 1113 2942 potiorem
1140 2869 1237 2928 habet
1260 2871 1346 2930 Tele·

165 2985 312 3044 machus
332 3000 428 3057 quem
446 2984 593 3044 nominet
613 2999 711 3057 quam
730 2983 875 3042 futurum
887 2982 980 3040 illum
993 2983 1213 3041 Ithacensium
1226 2999 1345 3059 regem,

165 3099 231 3159 sed
255 3099 362 3159 mutat
384 3099 555 3159 consilium
578 3098 653 3171 quia
676 3113 755 3157 mox
774 3096 844 3156 avis
865 3098 1022 3169 quaedam
1044 3098 1167 3155 certam
1185 3098 1347 3169 portendit

168 3212 324 3274 omnium
345 3228 514 3288 procorum
536 3211 730 3273 interitum?
754 3214 812 3280 (vs
837 3210 900 3269 525
925 3213 1016 3283 squ).

220 3391 283 3449 547
320 3405 388 3463 sqq.
424 3390 578 3449 Paratum
609 3402 682 3461 ergo
713 3402 748 3445 se
780 3386 921 3444 declarat
950 3385 1083 3444 Piraeus
1114 3385 1153 3443 ad
1184 3384 1347 3458 hospitem

166 3502 400 3576 recipiendum.
427 3502 592 3575 sequitur:

352 3611 390 3686 ὡς
412 3613 527 3675 ίειπδον
551 3611 598 3673 ἐπὶ
621 3610 693 3691 νηὸς
716 3610 780 3690 ἔβη,
803 3608 932 3671 ἐκέλευσε
957 3604 985 3670 δ’
1011 3607 1144 3689 ἑταίρους

350 3726 459 3801 αὐτούς
482 3723 506 3786 τ’
533 3725 690 3806 ἀμβαίνειν
713 3724 771 3784 ἀντί
793 3747 823 3784 τε
845 3722 1017 3804 πρυμνήσια
1041 3727 1135 3783 λῦσαι·

350 3842 379 3901 οἳ
401 3835 431 3901 δ’
457 3834 523 3918 αἶψ’
551 3839 689 3920 ἔσβαινον
712 3837 762 3899 καὶ
785 3836 833 3898 ἐπὶ
855 3842 951 3916 κλήῖσι
973 3838 1108 3909 καθῖζον.
1136 3821 1138 3828 ¹

353 3951 519 4033 Τηλέμαχος
544 3947 571 4013 δ’
598 3951 657 4012 ὑπὸ
680 3949 787 4012 ποσσίν
811 3949 934 4028 ἐδήσατο
958 3948 1034 4009 καλὰ
1056 3947 1170 4027 πέδιλα,

349 4066 438 4128 είλετο
463 4061 490 4127 δ’
518 4064 641 4144 δίλκιμον
665 4064 746 4146 ἔγχος
769 4051 935 4143 δικαχμένον
959 4060 1017 4136 ὀξέι
1040 4068 1135 4146 χαλκῷ

351 4179 423 4260 νήὸς
446 4175 499 4241 ἀπ’
524 4179 664 4260 ἰκριόφιν·
687 4176 731 4238 τοί
754 4175 787 4238 δὲ
808 4171 970 4258 πρυμνήσι’
996 4176 1112 4237 ἔλυσαν.

351 4297 381 4356 οἳ
402 4291 455 4373 μὲν
479 4292 644 4365 ἀνώσαντες
664 4287 765 4352 ’πλέον
789 4291 818 4364 ἒς
840 4291 937 4367 πόλιν,
959 4287 999 4362 ὡς
1023 4287 1152 4351 ε’κίλευσε

355 4405 519 4487 Τηλέμαχος
542 4407 629 4484 φίλος
650 4405 715 4478 υίδς
734 4400 897 4483 Ὀδυσσῆος
919 4404 1026 4464 θείοιο·

350 4520 401 4581 τὸν
425 4516 452 4582 δ’
479 4513 540 4582 ὦκα
563 4519 747 4601 προβιβάντα
770 4518 859 4590 πόδες
884 4513 1000 4597 ’φέρου,
1023 4511 1091 4597 ὄφρ’
1119 4510 1188 4576 ἵκετ’
1213 4508 1333 4594 αὐλήν.’
