3270 5262
721 646 763 706 43

194 837 258 894 302
296 853 344 910 sq.
380 837 530 897 Narravit
565 837 676 910 Ulyssi
707 836 883 897 Mercurius
915 839 989 912 quid
1021 840 1152 913 periculi
1185 839 1213 898 ei
1244 839 1327 912 apud

154 945 265 1007 Circen
292 950 494 1023 impenderet
517 952 549 1010 et
573 966 634 1024 quo
658 946 753 1011 modo
777 950 875 1011 vitari
898 951 978 1011 iilud
1001 955 1127 1026 posset:

332 1053 371 1134 ὦς
395 1060 452 1141 ἄρα
477 1063 620 1140 φωνήσας
641 1059 725 1144 ’πόρε
749 1064 908 1142 φάρμακον
932 1065 1142 1145 Ἀργεϊφόντης

333 1173 364 1235 ἐκ
386 1176 473 1256 γαίης
496 1178 627 1256 όερύσας
650 1177 703 1236 καί
725 1200 774 1255 μοι
798 1178 891 1253 φύσιν
915 1178 1008 1238 αὐτοῦ
1032 1177 1129 1250 ἔδειξε.

192 1287 322 1348 Abesse
345 1291 526 1364 genitivum
550 1292 605 1366 qui
629 1309 649 1352 a
672 1292 765 1367 φύσιν
788 1293 926 1368 pendeat
950 1294 1065 1352 malim
1085 1309 1182 1366 quam
1203 1293 1329 1352 obtrudi

148 1404 265 1475 poetae
291 1404 456 1464 novicium
479 1405 566 1465 istud
590 1408 623 1466 et
645 1406 836 1481 languidum
861 1400 964 1466 airus.
988 1407 1133 1482 Propone
1158 1421 1250 1481 ergo:

634 1519 686 1579 καί
707 1540 757 1596 μοι
781 1519 874 1595 φύσιν
898 1514 986 1590 αὐτὸς
1010 1517 1108 1592 ἔδειξε.

191 1630 416 1703 Aptissimum
449 1633 536 1692 enim
567 1632 646 1692 iilud
677 1627 766 1704 αὐτός
799 1631 886 1704 ἔδειξε
918 1634 957 1693 ad
989 1634 1179 1694 comitatem
1201 1633 1330 1707 benigni

150 1745 199 1806 dei
224 1729 486 1821 significandam.

196 1975 265 2034 393
291 1989 338 2048 sq.
385 1981 444 2032 τῶν
469 1967 495 2032 d'
524 1969 555 2033 ἐκ
579 1969 632 2051 μὲν
657 1970 766 2050 μελέων
789 1973 880 2052 τρίχες
904 1972 1015 2052 ἔρρεον,
1037 1970 1072 2046 ἃς
1095 1971 1166 2053 πρὶν
1189 1971 1281 2050 ἔφυσε

381 2085 539 2164 φάρμακον
562 2082 714 2165 ὀλόμενον,
740 2085 771 2146 τό
796 2103 868 2162 σφιν
887 2082 972 2165 ’πόρε
995 2085 1101 2147 πότνια
1126 2087 1231 2164 Κίρκη.

197 2200 342 2261 Omnino
371 2204 536 2280 receptam
568 2203 709 2276 oportuit
740 2202 903 2276 egregiam
930 2202 1047 2261 Naberi
1071 2202 1332 2262 emendationem

151 2329 289 2374 versum
322 2316 386 2375 394
419 2317 556 2376 delentis
587 2318 620 2376 et
650 2332 707 2389 pro
739 2313 829 2391 ἔφυσε
860 2315 1031 2375 scribentis
1063 2312 1187 2391 ἔφυσαν.
1219 2316 1333 2375 Videte

152 2429 242 2487 enim
277 2444 375 2502 quam
407 2429 588 2504 invenuste,
621 2445 717 2503 quam
749 2430 899 2503 languide
931 2430 1130 2490 sententiam
1160 2430 1333 2489 relativam

152 2558 241 2602 nova
272 2543 436 2602 sententia
465 2544 602 2603 relativa
633 2544 782 2618 excipiat.
814 2544 935 2603 Deinde
965 2545 997 2603 et
1028 2545 1097 2618 hcc,
1127 2543 1333 2617 quodetiam

153 2658 291 2729 gravius
315 2658 373 2732 est,
399 2659 555 2731 reputate.
580 2657 649 2717 Dici
670 2658 891 2732 aliquomodo
911 2659 1035 2731 potest:
1060 2657 1276 2731 „effluxerunt
1296 2658 1334 2716 de

154 2771 317 2830 membris
347 2786 458 2830 eorum
489 2773 545 2846 pili
574 2788 654 2846 ques
685 2787 828 2832 crescere
859 2772 980 2832 fecerat
1008 2770 1115 2830 Circes
1139 2773 1334 2830 venenum.”

155 2885 218 2944 Sed
252 2883 485 2946 absurdissime
515 2887 566 2944 his
597 2901 663 2946 vox
694 2887 829 2960 „antea”
855 2885 1054 2945 adiiceretur.
1081 2885 1163 2944 illud
1187 2884 1258 2962 πρίν
1281 2884 1335 2943 ubi

155 2999 287 3073 iegitur,
323 2998 412 3058 nulla
442 2999 506 3059 alia
536 3001 612 3060 ferri
642 3002 749 3074 potest
779 2998 942 3059 sententia
974 3014 1071 3072 quam
1104 2998 1200 3058 haec:
1236 3013 1336 3074 „quos

156 3112 324 3172 habebant
351 3115 478 3199 antea.”
