3310 5262
788 676 849 735 133

410 863 566 942 δύσμορος·
591 853 610 940 ἦ
633 859 663 922 τέ
686 863 739 922 ἀοι
762 859 866 922 ἐσθλοὶ
889 860 960 922 ἕσαν
983 859 1103 943 ὄρνιθες
1128 863 1212 942 ἰόντι,

408 975 508 1054 δεξιοὶ,
531 969 575 1048 οἷς
598 976 708 1056 χαίρων
731 972 785 1054 μέν
809 975 884 1058 ἐγὼν
907 974 1081 1055 ἀπέπεμπον
1105 975 1229 1054 ἐκεῖνον,

403 1087 496 1170 ’χαῖρε
521 1089 552 1152 δὲ
575 1097 672 1163 κεῖνος
697 1089 838 1151 ἰών·κτὲ.

274 1207 328 1266 Vs.
362 1209 426 1266 312
458 1223 522 1267 non
552 1210 622 1267 tarn
651 1207 791 1267 molesta
821 1207 902 1266 mihi
929 1209 980 1266 est
1002 1208 1108 1266 forma
1130 1207 1258 1266 novicia
1281 1202 1404 1281 ἐκεῖνον,

229 1336 326 1393 quarn
347 1321 454 1395 ipsum
475 1321 553 1380 illud
572 1336 767 1396 pronomem
789 1321 1031 1394 ineptissimum
1051 1321 1147 1395 enirn,
1163 1336 1237 1380 oum
1249 1321 1403 1393 sequatur

224 1427 317 1511 ’χαῖρε
348 1429 381 1492 δὲ
411 1439 508 1505 κεῖνος
539 1432 603 1510 ἰών,
633 1431 795 1510 ἐμφατικὸν
819 1435 905 1494 istud
930 1431 1103 1510 ἀπέπεμπον
1128 1432 1241 1492 ἐκεῖνον
1264 1434 1400 1493 videtur.

229 1547 347 1622 Quodsi
379 1549 412 1606 in
442 1548 607 1608 vocabulis
635 1563 698 1607 non
722 1549 899 1624 haererem,
925 1549 965 1608 ad
989 1549 1146 1622 genuinas
1169 1547 1292 1607 formas
1312 1547 1402 1606 resti·

227 1661 365 1721 tuendas
388 1662 592 1721 lenissimam
616 1662 700 1721 hanc
723 1677 934 1736 proponerem
959 1661 1238 1721 emendationem:

451 1772 540 1847 δεξιοὶ
564 1768 641 1835 οἷσιν
665 1773 720 1854 ἐγὼ
743 1780 842 1834 κεῖνον
866 1775 976 1852 χαίρων
999 1772 1183 1850 ἀπέπεμπον.

272 1889 332 1949 Sed
356 1889 460 1949 multo
484 1890 694 1949 verisimilius
717 1889 846 1948 videtur
868 1891 999 1963 poetam
1023 1888 1166 1948 dedisse:

427 1999 526 2080 δεξιοὶ,
549 1995 593 2074 οἷς
615 2002 726 2082 χαίρων
748 1998 802 2079 μὲν
826 1999 901 2081 ἐγὼν
924 1999 1099 2079 ἀπέπεμπον
1122 2001 1204 2062 ἰόντα

347 2117 399 2176 vel
423 2113 523 2192 δεξιοὶ,
545 2109 622 2176 οἷσιν
646 2114 701 2196 lyd
724 2115 834 2195 χαίρων
857 2113 1031 2193 ἀπέπεμπον
1056 2113 1150 2191 ἰόντα,

226 2232 366 2306 dumque
397 2232 676 2307 elegantissimam
699 2232 783 2292 hano
802 2232 957 2292 scriberet
980 2232 1174 2292 antithesin:
1199 2231 1309 2309 χαίρων
1333 2227 1403 2288 ἀπέ-

226 2364 342 2420 πεμπον
366 2343 458 2422 ἰόντα,
480 2350 560 2425 χαῖρε
584 2341 617 2404 δὲ
635 2349 732 2417 κεῖνος
751 2344 815 2422 ἰών,
835 2361 899 2406 non
919 2346 1109 2406 observasse
1128 2360 1244 2419 pamm
1264 2344 1401 2404 venuste

224 2459 334 2518 versui
364 2459 398 2518 in
429 2457 503 2518 ἰόντι
534 2460 666 2520 exeunti
697 2475 829 2520 versum
860 2459 984 2535 subiici,
1018 2460 1108 2519 cuius
1130 2459 1286 2518 ultimum
1309 2471 1400 2517 voca·

224 2572 336 2631 bulum
368 2575 455 2633 esset
486 2571 568 2632 ἰόντα
597 2574 742 2643 (minime
766 2574 853 2633 enim
877 2573 981 2648 turpis
1006 2572 1163 2634 eiusmodi
1187 2572 1400 2646 negligentia;

224 2686 277 2745 vel
311 2686 454 2761 optimus
489 2689 584 2762 poeta
614 2688 778 2747 interdum
808 2687 856 2747 sio
886 2689 1018 2762 peccat),
1050 2686 1107 2746 sed
1138 2686 1402 2760 interpolatorem

224 2800 331 2860 levem
354 2800 446 2860 illam
469 2801 633 2860 maculam
657 2802 757 2861 etiarn
781 2816 856 2862 oum
880 2801 1061 2862 sententiae
1081 2800 1275 2861 detrimento
1296 2799 1400 2858 eluen-

223 2912 299 2972 dam
322 2916 465 2988 putasse.

268 3141 331 3200 347
357 3157 404 3215 sq.
429 3142 588 3202 Monstrat
606 3143 690 3218 patri
709 3143 846 3216 Ulysses
867 3143 1060 3220 cicatricem,
1082 3143 1252 3202 enumerat
1272 3139 1401 3200 arbores

224 3253 285 3314 sibi
310 3254 389 3314 olim
413 3271 432 3314 a
455 3257 546 3330 patre
570 3256 681 3329 datas;
705 3257 778 3316 tum
803 3257 857 3317 ille
882 3272 957 3317 eum
981 3256 1144 3331 agnoscit:

282 3407 284 3412 -
378 3365 456 3444 ἀμφὶ
480 3364 512 3428 δέ
534 3367 620 3429 παιδὶ
643 3369 719 3454 φίλῳ
739 3363 823 3448 ’βάλε
845 3369 943 3450 πήχεε,
964 3367 1016 3431 τὸν
1038 3364 1071 3429 δέ
1093 3365 1161 3429 ποτὶ
1182 3365 1235 3428 fot

379 3475 453 3542 εἷλεν
476 3481 532 3544 art.

266 3598 316 3656 Ad
339 3571 477 3657 verbum¹
499 3591 574 3658 εἷλεν
597 3599 833 3660 defendendum
856 3602 924 3660 tres
946 3600 1034 3660 locos
1058 3599 1168 3658 iliadis
1188 3598 1321 3672 affertis,
1343 3597 1400 3656 sed

221 3711 255 3770 in
285 3711 374 3771 nullo
398 3711 515 3772 horum
538 3714 714 3787 quidquam
738 3729 810 3773 esse
835 3713 928 3773 credo
952 3712 1113 3788 praesidii.
1138 3712 1270 3785 Legitur
1293 3711 1398 3770 enim:

221 3824 254 3882 u
278 3826 342 3884 226
365 3840 413 3899 sq.
593 3824 699 3886 αὐτίκα
722 3825 779 3906 γάρ
803 3847 838 3904 με
861 3826 1074 3887 κατακτείνειεν
1097 3823 1239 3905 Ἀχιλλεὺς

444 3936 536 4018 ἀγκάς
558 3934 653 4000 ἑλόντ’
680 3939 751 4018 ἐμὸν
774 3939 851 4002 υἱόν.

264 4052 311 4113 De
345 4050 411 4113 fflio
446 4056 610 4116 mortuo
645 4056 698 4115 hic
732 4056 882 4116 Priamus
912 4055 1062 4131 loquitur,
1095 4054 1256 4128 verboque
1286 4054 1397 4113 nostro

221 4167 343 4226 addidit
373 4164 473 4247 ἀμκάς.
506 4168 583 4243 Quis
614 4172 726 4229 autem
757 4168 917 4230 dubitavit
938 4184 1084 4243 unquam
1107 4168 1185 4242 quin
1208 4163 1300 4247 ἀγκὰς
1324 4162 1398 4224 ἑλεῖν

220 4280 307 4339 recte
342 4280 524 4341 diceretur?
558 4283 598 4342 Et
632 4283 704 4356 quis
734 4283 931 4343 nostratium
961 4285 1054 4357 putet
1083 4282 1187 4341 dicere
1219 4296 1254 4340 se
1285 4294 1398 4355 posse:

224 4392 286 4468 „hij
318 4410 410 4454 nam
440 4396 503 4471 zijn
533 4412 615 4456 zoon
638 4412 718 4456 naar
740 4396 811 4456 zich
834 4395 920 4472 toe'’,
944 4396 1019 4471 quia
1043 4396 1143 4456 etiam
1166 4394 1307 4454 dicatur:
1334 4394 1397 4470 „hij

222 4521 300 4566 nam
323 4508 380 4568 het
402 4507 458 4582 liJ'k
481 4523 546 4568 van
569 4510 632 4584 zijn
656 4525 737 4570 zoon
765 4509 799 4570 in
822 4511 861 4570 de
885 4510 1045 4570 armen”?
