3310 5262
868 675 909 734 92

459 862 533 934 ξεῖνε
556 857 627 940 φίλ’,
649 861 684 922 οὐ
708 862 763 942 γάρ
787 862 833 922 πώ
857 885 898 934 τις
922 860 997 942 ἀνὴρ
1021 859 1208 940 πεπνυμένος
1231 853 1288 922 δοδε

459 974 562 1047 ξείνων
585 976 756 1053 τηλεδαπῶν
781 975 887 1053 φιλίαν
910 975 981 1054 ἐμὸν
1004 977 1079 1036 ἵκετο
1105 977 1197 1054 δῶμα.

347 1089 410 1149 Hio
443 1089 497 1148 diu
531 1090 645 1151 dubius
679 1091 780 1151 haesi.
811 1091 944 1153 Affertis
974 1114 997 1151 ω
1025 1094 1098 1168 268,
1124 1093 1180 1152 sed
1204 1090 1269 1151 illio
1292 1089 1475 1150 rectissime

303 1202 350 1264 sio
373 1203 506 1281 iegitur:

834 1317 870 1380 οίί
893 1318 939 1379 πώ
962 1341 1004 1392 τις
1027 1318 1131 1399 βροτὸς
1154 1315 1239 1391 ἄλλος

505 1433 613 1506 ξείναν.
629 1433 800 1511 τηλεδαπῶν
823 1433 931 1510 φιλίων
954 1431 1025 1510 ἐμὸν
1048 1431 1123 1493 λ’κετο
1148 1433 1240 1510 δῶμα.

348 1547 434 1622 Quae
468 1548 516 1608 sio
548 1548 718 1608 vertenda:
757 1563 819 1623 ,611
836 1547 1013 1622 hospitum
1045 1547 1154 1622 procul
1177 1546 1394 1607 habitantium
1418 1561 1475 1604 nu-

290 1677 392 1720 ·mero
426 1677 521 1733 nemo
556 1677 699 1736 unquam
729 1661 811 1722 mihi
841 1661 943 1721 carior
977 1661 1110 1720 domum
1132 1676 1241 1720 meam
1265 1661 1386 1720 venit.'’
1413 1661 1477 1720 Sed

303 1775 355 1834 hio
386 1771 461 1852 ἀνήρ
492 1777 619 1850 praeter
634 1775 741 1865 ⁸illum
773 1775 1031 1850 comparativum
1063 1776 1095 1834 61
1118 1775 1205 1834 aliud
1231 1774 1329 1834 habet
1351 1774 1477 1849 apposi-

303 1893 374 1949 tum
407 1887 603 1966 πεπνυμένος,
633 1905 715 1964 quae
749 1889 847 1949 simul
881 1891 957 1950 ferri
991 1906 1056 1950 non
1089 1890 1233 1965 possunt,
1270 1889 1333 1948 nisi
1367 1887 1478 1961 aliquo

302 2003 386 2064 inter
420 2019 455 2064 se
489 2003 663 2079 iungantur
692 2003 831 2064 vinculo.
863 2003 982 2077 Utique
1013 2018 1088 2077 ergo
1119 2002 1335 2077 recipiendam
1359 2015 1478 2061 censeo

302 2118 473 2177 leotionem
508 2115 615 2190 φιλίων
638 2110 669 2174 τ’.
701 2116 801 2176 Credo
832 2117 919 2177 enim
950 2118 1036 2176 huno
1065 2117 1182 2191 looum,
1208 2131 1283 2174 oum
1306 2116 1346 2175 ad
1369 2115 1478 2174 imita·

302 2232 424 2291 tionem
456 2229 543 2288 illius
574 2252 596 2288 ω
629 2231 692 2290 268
721 2230 923 2306 scriberetur,
956 2231 989 2290 61
1014 2229 1151 2289 viciniae
1176 2229 1390 2304 adaptaretur,
1417 2227 1477 2285 mi-

302 2361 364 2405 nus
400 2346 582 2421 elegantem
617 2345 771 2422 evasisse,
813 2345 870 2404 sed
907 2346 1018 2404 tamen
1057 2359 1132 2403 eum
1166 2358 1309 2418 sensum,
1338 2359 1400 2418 quo
1423 2343 1479 2402 hic

303 2475 383 2534 opus
413 2460 465 2535 sit,
505 2460 577 2520 elioi
603 2474 715 2534 posse:
743 2473 858 2533 „nemo
882 2472 1025 2531 unquam
1048 2457 1290 2532 peregrinorum
1312 2459 1382 2517 tam
1404 2474 1478 2532 pru-

303 2574 381 2633 dens
405 2573 595 2648 mihique
625 2573 764 2632 carior
788 2575 854 2646 (pro
877 2571 944 2630 vel
967 2571 1071 2630 mihi
1095 2571 1242 2641 carior)
1267 2573 1329 2632 huc
1353 2570 1476 2631 venit”.

302 2686 386 2746 Nam
420 2686 603 2747 versionem
638 2687 783 2748 vestram
818 2685 957 2746 carior
988 2700 1106 2758 quarn
1136 2687 1235 2745 sunt
1257 2685 1478 2760 peregrini

302 2799 436 2874 probare
459 2816 524 2861 non
546 2815 689 2876 possum.

347 3031 411 3090 363
436 3046 504 3104 sqq.
536 3031 621 3090 Dum
651 3030 788 3105 hospitis
815 3030 913 3105 pedes
935 3030 1024 3089 lavat
1047 3029 1212 3105 Euryclea,
1237 3028 1289 3088 his
1311 3027 1420 3088 verbis
1444 3027 1479 3088 in

302 3145 497 3205 memoriam
520 3144 604 3205 redit
626 3145 748 3204 domini
776 3143 907 3204 amissi:

457 3255 481 3317 ὤ
504 3281 554 3335 μοι
577 3255 633 3337 ἐγὼ
656 3254 715 3335 σεό,
736 3254 850 3334 τέκνον,
871 3255 1029 3335 ἀμήχανος·
1053 3246 1072 3332 ἧ
1096 3272 1127 3315 σε
1150 3253 1217 3332 περὶ
1241 3253 1316 3325 Ζεὺς

459 3369 630 3449 ἀνθρώπων
653 3368 767 3450 ἤχθηρε
790 3368 921 3430 θεοδίὲα
945 3368 1046 3446 θυμὸν
1070 3367 1179 3447 ἔχοντα.

458 3484 493 3545 οὐ
517 3485 572 3564 γάρ
596 3484 642 3545 πώ
664 3507 706 3556 τις
730 3482 819 3543 τόσσα
843 3485 957 3563 βροτῶν
983 3480 1032 3542 Διὶ
1055 3481 1272 3565 τερπικεραύνῳ

457 3599 547 3659 πίονα
571 3593 652 3676 μηρί’
676 3592 732 3676 ἔκη’
760 3591 828 3658 οὐδ’
857 3594 987 3669 ἐξαίτους
1012 3594 1185 3674 ἑκατόμβας,

459 3711 531 3772 ὅσσα
555 3711 592 3772 σὺ
615 3722 654 3795 τῷ
679 3710 795 3782 ἐδίδους
819 3707 981 3788 ἀρώμενος,
1007 3701 1060 3787 ἧος
1084 3709 1159 3769 ἵκοιο

458 3825 550 3906 λῆρᾶς
573 3847 601 3884 τε
624 3827 750 3902 λιπαρὸν
771 3821 903 3902 θρέψαιό
927 3845 956 3882 τε
979 3823 1123 3900 φαίδιμον
1146 3823 1221 3882 υἱόν.

348 3941 425 4016 Quis
451 3956 596 4015 unquam
622 3940 704 4000 vidit
735 3938 994 3999 coniunctionem
1021 3928 1074 4014 ἧος
1095 3953 1115 3998 a
1134 3938 1230 3997 verbo
1251 3934 1383 4015 ἀρᾶσθαι
1398 3953 1478 4011 ρθῃ.

304 4057 459 4116 dentem?

348 4285 412 4344 532
447 4299 516 4358 sqq.
553 4283 590 4342 111
625 4282 726 4342 altero
762 4280 917 4354 colloquio
952 4279 1072 4355 hospiti
1106 4277 1265 4353 Penelope
1295 4278 1407 4337 narrat
1430 4293 1477 4352 se,

303 4397 457 4472 quamdiu
491 4394 577 4455 filius
610 4411 730 4470 parvus
754 4396 850 4470 esset,
879 4393 1022 4454 noluisse
1046 4393 1142 4453 alicui
1165 4408 1334 4468 procorum
1358 4391 1479 4451 nubere

304 4512 499 4584 domumque
523 4509 713 4584 relinquere.
738 4509 822 4569 Tum
845 4507 893 4567 sio
915 4507 1036 4584 pergit:
