3310 5262
816 657 877 716 108

305 846 342 904 17
364 860 433 918 sqq.
447 845 608 906 Antinous
620 845 738 904 vulnus
750 844 847 904 letale
860 844 976 919 accipit
991 845 1112 918 sagitta
1125 844 1164 904 ab
1176 845 1295 918 Ulysse
1308 845 1413 904 missa
1424 842 1447 902 ε’

436 958 558 1036 ἐκλίνθη
583 955 610 1018 δ’
637 956 765 1035 ἑτέρωσε,
789 956 879 1030 δέπας
904 958 935 1018 δέ
958 960 1010 1018 foa
1033 957 1134 1018 ἔκπεσε
1156 957 1250 1037 χειρὸς

434 1070 594 1151 βλημένου,
615 1070 720 1131 αὐτίκα
745 1066 773 1131 δ’
796 1070 887 1143 αὐλὸς
910 1069 969 1131 ἀνά
991 1071 1075 1152 ῥῖνας
1098 1070 1194 1150 ιιαχὺς
1216 1064 1291 1150 ἦλθε

434 1184 556 1261 αἳματος
579 1181 765 1262 ἀνδρομέοιο·
787 1189 870 1256 θοῶς
894 1179 923 1245 δ’
938 1183 998 1245 ἀπὸ
1020 1187 1086 1246 έεῖο
1110 1185 1256 1264 τράπεζαν

436 1290 492 1357 ὦσε
514 1295 586 1357 ποδὶ
609 1297 729 1374 πλήξας.

301 1402 462 1471 Lubenter
493 1412 586 1472 eredo
617 1427 681 1472 non
711 1412 867 1471 bubulum
897 1412 954 1472 sed
984 1391 1165 1472 humanum
1195 1413 1390 1486 sanguinem
1415 1429 1435 1472 e

258 1523 389 1584 naribus
423 1525 557 1585 Antinoi
591 1526 773 1586 exsiluisse.
810 1526 871 1584 Sed
901 1526 1022 1585 bonum
1052 1528 1183 1600 poetam
1214 1527 1261 1585 sie
1291 1525 1435 1585 seribere

257 1637 402 1710 potuisse
421 1653 486 1698 non
506 1639 608 1699 oredo.
630 1639 800 1698 Manifesto
820 1641 970 1698 tenemus
990 1639 1137 1712 ineptum
1153 1639 1363 1714 imitatorem,
1377 1641 1437 1712 qui

257 1751 337 1808 nihil
361 1751 507 1826 cogitans
531 1752 610 1811 illud
633 1752 826 1811 vocabulum
850 1751 1053 1811 transtulerit
1078 1767 1120 1811 ex
1144 1775 1153 1810 ι
1178 1754 1242 1812 373
1266 1768 1332 1826 sq:

711 1864 845 1944 φάρυγος
870 1859 896 1923 δ’
918 1861 952 1936 Ἐξ
977 1863 1080 1924 ἔσσυτο
1103 1867 1208 1936 έοῖνος

479 1979 583 2055 ψωμοί
604 1974 628 2038 τ’
656 1976 823 2058 ἀνδρόμεοι.
1205 2058 1207 2062 Ι

297 2095 371 2153 Ἠοα
402 2110 527 2168 quoque
553 2095 700 2168 ineptum
724 2095 807 2168 quod
831 2095 870 2154 ad
894 2094 1095 2169 implendum
1118 2111 1251 2155 versum
1278 2102 1355 2165 νοῶς
1381 2097 1435 2156 ad-

258 2209 360 2268 ditur:
385 2209 478 2282 quasi
503 2224 577 2268 vero
602 2213 689 2268 certo
714 2208 846 2268 oonsilio
871 2209 965 2268 etde
990 2209 1149 2268 industria
1171 2225 1321 2269 mensam
1345 2225 1437 2269 ever-

258 2323 334 2381 terit
356 2322 527 2382 Antinous,

304 2548 356 2606 23.
393 2545 554 2606 Comitem
586 2561 682 2604 suum
715 2547 769 2605 ubi
800 2546 944 2605 oooisum
976 2547 1086 2606 vident
1112 2547 1200 2621 prooi
1222 2547 1437 2607 vehementer

258 2660 503 2734 perturbantur:

437 2771 468 2830 ἐκ
492 2768 524 2830 ἀὲ
546 2771 669 2848 θρόνων
693 2769 862 2851 ἀνόρουσαν
887 2767 1055 2849 ὀρινθέντες
1078 2771 1152 2831 κατὰ
1176 2773 1268 2849 δῶμα.

305 2888 381 2962 Quis
412 2889 462 2947 est
494 2888 665 2946 verborum
696 2883 864 2963 ὀρινθέντες
894 2885 968 2946 κατὰ
999 2887 1083 2962 δῶμα
1115 2891 1255 2948 sensus?
1279 2889 1330 2947 An
1353 2889 1437 2949 vitio

258 3004 336 3061 nata
358 3002 459 3060 sunt?
484 3001 634 3074 Suspicor
657 3001 718 3061 hoe
740 3002 870 3075 propter
892 3003 1139 3076 praecedentem
1162 3018 1312 3062 versum:

415 3122 577 3193 μνηστῆρες
600 3113 674 3173 κατὰ
699 3116 793 3193 δῶμα,
817 3113 879 3175 ἐπεὶ
901 3111 1001 3176 'fidon
1025 3114 1122 3196 ἀνδρα
1142 3116 1277 3176 πεσόντα.

305 3341 345 3400 55
370 3355 439 3414 sqq.
464 3341 536 3400 Iure
561 3356 692 3400 caesum
716 3342 895 3401 Antinoum
919 3342 1066 3416 agnoscit
1089 3341 1322 3416 Eurymachus,
1345 3340 1437 3400 illius

259 3453 347 3511 enim
371 3454 520 3528 exemplo
545 3456 669 3514 eeteros
688 3470 802 3528 procos
822 3470 936 3514 omnes
956 3455 1029 3513 illas
1049 3453 1183 3513 iniurias
1205 3453 1334 3527 Ulyssis
1347 3453 1440 3513 domi

259 3570 478 3642 perpetrasse3
512 3569 568 3627 sed
599 3584 685 3628 nuno
715 3569 845 3628 illarum
877 3573 1007 3629 auctore
1038 3569 1206 3642 profligato
1238 3568 1439 3642 parcendum

260 3695 332 3739 esse
356 3682 472 3741 ueteris
494 3681 649 3755 Ulyssem
673 3687 785 3752 monet
809 3682 977 3755 additque:

571 3784 642 3870 ἧμες
666 3791 792 3853 ὄπισθεν
816 3791 1010 3872 ἀρεσσάμενοι
1032 3790 1106 3852 κατὰ
1130 3792 1236 3870 δῆμον,

439 3905 511 3966 ὅσσοι
534 3929 577 3967 τοι
602 3904 758 3967 ἐκπέποται
781 3905 831 3967 καὶ
856 3905 990 3984 έάήδεται
1014 3904 1045 3966 έν
1069 3905 1230 3986 μεγάροισι,
1304 3972 1305 3977 1

437 4020 525 4100 τιμὴν
548 4018 642 4098 ἀμφὶς
666 4018 786 4100 ἀγονεες
810 4018 1009 4097 έέειιιοσίβοια
1033 4016 1187 4095 έέιιασεος,

437 4136 545 4216 χαλκόν
568 4158 597 4196 τε
621 4134 731 4216 χρυσόν
754 4130 781 4194 τ’
808 4133 1014 4210 ἀποδώσομεν,
1036 4133 1077 4204 εἰς
1102 4130 1119 4192 ὅ
1140 4153 1173 4192 ue
1196 4130 1250 4192 σὸν
1273 4141 1328 4212 κῆρ

440 4253 540 4334 ἰανθῇ.

307 4368 423 4428 Omnia
453 4368 542 4443 haec,
574 4368 651 4427 lieet
673 4367 754 4426 satis
778 4366 918 4425 molesta
942 4365 985 4424 sit
1009 4363 1198 4438 verbositas,
1224 4366 1336 4423 tamen
1360 4363 1439 4422 ferri

261 4481 461 4557 intelligique
492 4482 644 4554 possunt:
678 4495 780 4539 unum
815 4479 902 4538 istud
926 4476 1119 4556 ἀρεσσάμενοι
1142 4474 1215 4535 κατὰ
1239 4477 1335 4553 δῆμον
1360 4477 1439 4548 quid
