3270 5262
746 634 786 693 59

160 819 245 878 lidos
285 820 366 895 fingi
400 823 437 880 ut
471 823 606 896 quodvis
641 822 847 881 mendacium
880 823 995 881 statim
1026 822 1275 896 deprehendant,
1309 838 1349 880 ex

159 933 231 1005 ipsa
258 935 449 994 narratione
473 938 614 1010 apparet.
639 937 723 996 Nam
743 936 826 1009 quod
846 937 1001 996 iudicavit
1019 936 1228 994 Aristarchus
1248 935 1348 994 adiec-

157 1047 232 1105 tum
268 1063 346 1108 esse
378 1065 509 1109 versum
540 1051 579 1109 ab
611 1066 648 1110 eo
672 1051 726 1124 qui
750 1049 819 1109 vim
842 1050 1018 1124 particulae
1042 1047 1097 1126 γάρ
1121 1064 1169 1108 vs.
1195 1050 1259 1108 496
1284 1065 1349 1108 non

156 1165 370 1238 agnosceret,
403 1164 561 1238 equidem,
590 1165 644 1237 qui
667 1163 764 1238 probe
788 1164 893 1223 norim
917 1179 1014 1238 saepe
1037 1161 1092 1242 γάρ
1116 1163 1157 1222 ad
1181 1178 1254 1222 eam
1278 1179 1347 1224 sen·

155 1277 291 1336 tentiae
322 1278 450 1351 partem
481 1278 686 1338 referendum
717 1293 798 1352 esse,
832 1293 913 1351 quae
944 1274 976 1336 ἐκ
1007 1285 1066 1335 τῶν
1095 1272 1349 1354 συμφραζομένων

155 1389 200 1448 sit
235 1390 398 1465 addenda,
432 1391 507 1464 quia
537 1391 634 1450 nullis
666 1391 831 1450 vocabulis
862 1391 1031 1450 enuntiata
1061 1391 1114 1466 sit,
1142 1389 1350 1464 pertinaciter

155 1519 243 1576 nego
285 1501 354 1579 λίην
388 1501 443 1583 γὰρ
481 1512 563 1581 νηῶν
597 1501 689 1574 fende
723 1500 856 1580 ἤλθομεν
887 1504 1012 1564 iustum
1042 1519 1114 1564 esse
1145 1504 1349 1563 allocutionis

155 1618 349 1676 exordium.
382 1617 444 1676 Ubi
476 1618 564 1678 enim
594 1618 695 1678 latere
727 1633 919 1677 censeamus
946 1617 1023 1677 illud
1047 1617 1131 1692 quod
1155 1617 1350 1691 cogitatione

154 1731 385 1806 supplendum
409 1733 483 1790 est?
507 1732 557 1791 Ad
580 1753 598 1790 κ
625 1733 687 1791 190
711 1733 903 1808 provocatis
927 1734 961 1791 at
980 1731 1046 1791 illic
1066 1732 1113 1790 ita
1130 1729 1186 1810 γάρ
1206 1732 1349 1805 positum

155 1846 210 1904 est
230 1847 274 1904 ut
295 1847 446 1904 nostrum
466 1845 574 1904 locum
593 1860 690 1905 versu
710 1845 773 1904 495
796 1860 904 1905 carere
923 1860 988 1905 non
1003 1859 1099 1919 posse
1111 1843 1218 1917 quivis
1230 1844 1349 1904 videat.

155 1959 302 2032 Legitur
328 1958 432 2017 enim:

327 2063 350 2131 ὦ
374 2070 465 2148 φίλοι,
488 2069 524 2132 οὐ
548 2069 604 2151 γὰρ
628 2071 737 2149 Ηδμεν
761 2070 820 2157 ὅπῃ
845 2070 935 2149 ζόφος
959 2065 1027 2131 οὐδ’
1054 2069 1113 2155 ὅπῃ
1137 2066 1197 2148 ἠώς

153 2188 174 2246 i.
202 2203 233 2246 e.
278 2186 413 2261 „amicit
447 2187 497 2256 (ad
528 2202 587 2246 vos
618 2203 671 2246 me
704 2188 891 2247 convertere
924 2187 1033 2256 debeo)
1064 2183 1230 2245 nescimus
1261 2184 1350 2243 enim

155 2317 182 2360 e.
199 2318 231 2375 q.
249 2301 301 2359 S.”
334 2299 404 2359 Nisi
435 2300 514 2359 illud
545 2291 568 2359 ὦ
600 2299 680 2375 φίλοι
711 2301 927 2376 praecederet,
960 2301 1060 2360 verba
1091 2297 1126 2358 οὐ
1158 2295 1214 2378 γὰρ
1241 2295 1349 2374 fidum

156 2430 266 2475 sensu
292 2429 387 2473 cassa
410 2415 531 2474 essent.
