3270 5262
867 655 909 720 50

301 868 365 914 uno
389 846 408 931 ἢ
431 847 501 921 ἁλὸς
524 843 543 928 ἢ
567 845 614 908 ἐπὶ
636 855 690 928 γῆς
713 847 931 907 haereamus?
955 845 1043 919 Quod
1066 845 1160 905 facile
1183 843 1364 904 defenditur
1387 843 1482 902 notis

301 965 477 1040 exemplis:

656 1070 769 1149 ὤφελέν
793 1067 820 1130 σ’
848 1063 871 1131 ὦ
896 1067 987 1147 τυφλέ
1011 1073 1127 1130 Πλοῦτε

655 1187 726 1265 μήτε
748 1196 786 1270 ῃῃ
810 1180 876 1262 μήτ’
904 1184 936 1244 ἓν
959 1184 1097 1267 θαλάσσῃ

655 1295 720 1377 μήτ’
748 1298 779 1359 ἐν
803 1297 914 1383 ἠπείρῳ
938 1307 1072 1376 φανῆναι

300 1423 349 1480 et:
401 1428 402 1431 ’
485 1413 524 1486 ὡς
547 1413 600 1493 χρὴ
626 1411 784 1493 Μεγαρέας
809 1412 880 1489 μήτε
903 1421 942 1495 γῇ
965 1405 1035 1489 μήτ’
1062 1409 1093 1470 έν
1117 1408 1211 1494 ἀγορᾷ
1234 1407 1290 1469 κτὲ.

345 1644 386 1701 50
418 1657 486 1714 sqq.
518 1638 619 1716 „Onm
643 1637 792 1698 Sirenum
816 1637 940 1697 insulae
964 1637 1289 1712 appropinquaveris”
1315 1634 1406 1694 Oirce
1432 1635 1481 1693 ait

304 1756 460 1830 „comites
483 1755 552 1813 tui'’

478 1866 632 1944 δησάντων
657 1859 684 1923 σ’
712 1862 743 1923 έν
768 1861 817 1941 νηί
843 1869 904 1947 θοῇ
928 1863 1024 1944 χεῖράς
1048 1885 1077 1922 τε
1100 1861 1196 1934 πόδας
1218 1884 1247 1921 τε

477 1977 572 2059 ὀρθὸν
596 1977 627 2038 ἐν
651 1975 800 2061 ἱστοπέδῃ,
824 1975 855 2036 ε’ττ
880 1972 908 2036 δ’
936 1976 1029 2039 αὐτοῦ
1053 1972 1165 2055 πείρατ’
1193 1975 1335 2053 ἀνήφθω,

477 2092 555 2174 όφρα
579 2115 611 2153 κε
634 2091 810 2171 τερπόμενος
833 2085 906 2150 ίόπ’
934 2089 1046 2176 ἀκούῃς
1070 2092 1249 2171 Σειρήνοιιν.

301 2208 401 2288 ψυχρὰ
432 2206 496 2286 μέν,
526 2201 617 2285 οἶμαι,
647 2204 765 2284 τέρψιςλ
800 2206 880 2280 Quid
907 2207 1019 2266 enim?
1043 2207 1171 2267 Sirenes
1195 2207 1303 2267 audiet
1325 2206 1478 2281 Ulysses,

301 2326 357 2384 sed
391 2324 478 2383 malo
514 2322 675 2397 alligatus
712 2321 841 2395 propius
873 2321 1044 2379 accedendi
1075 2321 1231 2381 desiderio
1262 2321 1478 2395 torquebitur,

301 2439 357 2498 sed
382 2454 456 2497 curn
480 2452 598 2495 navem
623 2451 660 2495 eo
684 2434 778 2508 dirigi
801 2434 933 2493 iusserit
956 2434 1128 2493 artioribus
1148 2435 1388 2508 constringetur
1409 2435 1479 2493 vin-

301 2553 391 2611 culis,
413 2550 549 2625 Corpore
569 2564 644 2622 ergo
666 2551 698 2607 et
717 2547 826 2606 animo
846 2547 932 2606 male
952 2548 981 2606 ei
1001 2548 1062 2607 erit
1075 2550 1107 2608 et
1119 2551 1230 2608 tamen
1243 2550 1303 2609 hoc
1315 2545 1480 2627 τέρπεσθαι

299 2655 494 2740 appellaturi
527 2663 683 2736 Equidem
713 2677 769 2736 pro
801 2658 976 2738 τερπόμενος
1008 2662 1127 2735 aliquid
1157 2663 1330 2737 legendum
1358 2679 1478 2722 censeo

299 2779 383 2852 quod
407 2777 582 2852 significet:
611 2776 700 2851 „sine
725 2777 780 2834 tuo
805 2775 1025 2849 comitumque
1048 2775 1221 2850 periculo.’'
1249 2776 1309 2835 Sed
1329 2778 1479 2849 praestat

299 2893 437 2952 fortasse
461 2892 567 2950 totum
591 2905 724 2948 versum
748 2888 913 2948 delerent
937 2889 975 2947 ab
1001 2905 1037 2948 eo
1058 2889 1203 2948 additum
1224 2890 1278 2963 qui
1298 2883 1478 2969 τερπόμενος

301 3023 338 3066 eo
363 3005 544 3065 adhibuerit
567 3018 665 3062 sensu
688 3017 786 3076 quern
809 3017 905 3075 saepe
928 3000 1038 3081 χαίρων
1061 3002 1188 3061 habeat.

346 3203 388 3286 69
408 3241 477 3299 sqq.
499 3226 676 3300 Postquam
696 3224 904 3285 Planctarum
925 3226 1076 3285 naturam
1096 3226 1266 3299 descripsit
1285 3227 1365 3285 haec
1385 3227 1478 3287 Circe

301 3340 406 3399 addit:

436 3452 484 3530 οἴῃ
510 3453 547 3531 δὴ
571 3452 654 3537 κείνῃ
678 3474 709 3532 γε
732 3449 870 3532 παρέπλω
893 3451 1077 3531 ποντοπόρος
1100 3463 1175 3531 νηῦς

436 3565 524 3647 Ἀργὼ
548 3576 620 3626 πᾶσι
643 3564 781 3644 μέλουσα,
802 3560 874 3646 παρ’
902 3565 1015 3644 Αἰήταο
1039 3565 1176 3627 πλέουσα.

434 3680 486 3740 καί
507 3680 545 3741 νύ
569 3702 600 3740 κε
623 3677 676 3758 τὴν
700 3675 765 3739 ἕνθ’
794 3671 847 3740 ὦκ’
876 3678 979 3759 ἔβαλεν
1003 3680 1129 3760 μεγάλας
1153 3680 1220 3741 ποτὶ
1243 3680 1359 3762 πέτρας,

436 3788 499 3853 ἀλλ’
516 3791 599 3873 Ἥρῃ
622 3791 825 3873 παρέπεμψεν,
848 3791 909 3853 ἐπεί
932 3794 1017 3870 φίλος
1041 3785 1094 3872 ἦεν
1113 3789 1226 3872 Ἰήσων.

347 3909 444 3968 Verbi
467 3905 571 3986 ἔβαλεν
595 3909 756 3968 obiectum
781 3909 863 3982 quod
890 3911 963 3968 est?
987 3909 1038 3967 An
1061 3910 1142 3969 latet
1165 3910 1198 3968 in
1221 3911 1431 3985 praecedente

435 4015 550 4098 κύμαθ’
579 4017 648 4093 ἁλὸς
673 4017 816 4100 φορέουσι
838 4021 933 4101 πυρός
955 4016 980 4080 τ’
1008 4017 1105 4082 ὀλοοῖο
1128 4022 1276 4083 duellet?

347 4136 410 4195 Vix
440 4136 502 4195 hoc
534 4136 692 4196 credibile.
726 4136 787 4195 Sed
817 4139 985 4211 praeterea
1015 4137 1135 4210 apertis
1166 4138 1255 4197 vitiis
1286 4153 1400 4197 versus
1423 4138 1476 4196 hic

304 4251 437 4310 laborat.
469 4250 579 4323 Neque
611 4251 699 4309 enim
730 4246 806 4308 ἔνθα
838 4266 941 4324 neque
973 4241 1034 4309 ὦκα
1065 4251 1140 4309 ferri
1171 4254 1316 4327 possunt,
1349 4253 1405 4311 scd
1437 4251 1476 4310 ad

303 4365 454 4423 lacunam
482 4363 680 4438 implendam
705 4364 826 4424 inserta
850 4380 887 4424 ea
910 4365 1067 4425 vocabula
1091 4364 1240 4425 videntur
1264 4367 1302 4425 ab
1326 4365 1475 4440 imperito

304 4479 491 4537 correctore.
513 4477 633 4537 Deinde
654 4495 748 4552 aegre
769 4479 820 4536 hic
841 4479 980 4538 alterurn
1000 4477 1052 4536 καί
1070 4479 1278 4539 desideratur.
1292 4480 1476 4553 Requiritur
