3270 5262
824 661 865 722 68

302 854 382 912 Mira
411 852 463 912 hic
493 837 545 911 res
576 852 740 910 narratur:
765 851 879 923 sponte
903 850 943 908 ad
966 849 1116 908 Piraeum
1139 850 1310 923 imperium
1335 850 1432 909 navis

257 967 395 1026 transire
418 967 547 1039 propter
570 963 754 1022 Telemachi
777 963 968 1022 absentiam.
989 963 1073 1022 Nam
1093 964 1132 1022 ad
1151 963 1311 1038 Piraeum,
1332 978 1431 1036 quan·

258 1079 429 1153 doquidem
460 1079 529 1138 eius
560 1077 691 1136 fuerunt
720 1076 837 1134 ultima
867 1076 973 1150 verba,
1006 1076 1173 1135 referenda
1202 1078 1280 1135 sunt
1302 1077 1367 1135 ista
1390 1066 1432 1146 ὧς

255 1191 380 1268 Percote,
403 1207 506 1265 neque
530 1189 743 1249 Telemachus
766 1203 838 1248 esse
861 1191 969 1262 potest
991 1189 1045 1248 ille
1069 1189 1107 1248 de
1131 1205 1193 1263 quo
1216 1190 1372 1264 legimus:

635 1299 682 1362 ἐπὶ
704 1301 777 1380 νηὸς
800 1299 864 1381 ἔβη,
887 1299 1017 1362 ἐκέλευσε
1041 1297 1069 1362 δ’
1095 1299 1228 1381 ἑταίρους

477 1415 587 1488 αὐτούς
610 1411 635 1474 τ’
662 1413 818 1494 ἀμβαίνειν
841 1413 896 1475 κτὲ.

300 1531 514 1590 Telemachus
538 1531 625 1590 enim
650 1531 877 1590 convenienter
900 1530 955 1606 rei,
980 1545 1078 1603 quam
1098 1531 1132 1588 in
1152 1530 1260 1590 animo
1280 1531 1430 1606 habebat,

256 1647 324 1720 ipse
344 1647 377 1705 in
396 1647 483 1705 terra
502 1661 675 1705 remanens
693 1645 829 1704 comites
850 1645 897 1704 sic
915 1645 1011 1704 modo
1029 1646 1103 1715 (503
1117 1649 1175 1718 sq.)
1189 1646 1240 1704 est
1252 1645 1430 1704 allocutus:

433 1750 505 1835 ὗμες
528 1754 582 1835 μὲν
604 1766 662 1816 νῦν
685 1751 809 1818 frictod'
838 1755 972 1817 ἐλαύνετε
996 1765 1054 1834 νῆα
1078 1754 1230 1834 μέλαιναν,

432 1870 526 1951 αὐτὰρ
551 1870 626 1952 ἐγὼν
650 1870 760 1952 ἀγροὺς
784 1869 948 1948 ἐπιόψομαι
971 1867 1024 1948 ἠδὲ
1047 1871 1183 1950 βοτῆρας.

298 1986 424 2047 Dixerit
455 1988 571 2061 aliquis
602 1989 714 2046 tamen
742 1990 774 2047 et
797 1986 1028 2046 Telemachum
1051 1986 1276 2046 conscendisse
1299 2001 1429 2060 navem,

184 2135 186 2142 ·
253 2100 338 2158 unde
369 2095 420 2158 ἀπ’
455 2097 587 2177 ἰκριόφιν
619 2104 677 2170 (vs.
711 2101 785 2170 552)
817 2100 948 2159 hastam
978 2101 1131 2158 sumeret.
1156 2099 1200 2158 At
1222 2099 1327 2159 facere
1350 2098 1431 2158 illud

254 2214 392 2272 fortasse
415 2214 521 2287 potuit
544 2214 577 2272 in
599 2214 693 2273 litore
716 2215 825 2286 stans;
850 2228 915 2272 non
938 2213 1034 2288 enim,
1056 2213 1093 2271 ut
1112 2212 1232 2286 opinor,
1254 2211 1430 2272 admodum

254 2327 357 2385 altum
388 2327 534 2386 latumve
557 2326 619 2385 fuit
641 2325 825 2400 navigium:
850 2328 1017 2399 praeterea
1040 2341 1104 2384 non
1127 2324 1267 2399 legimus
1291 2339 1366 2385 eum
1389 2326 1430 2384 de

237 2441 336 2498 'nave
372 2441 576 2499 descendisse
609 2439 798 2513 priusquam
834 2440 970 2498 comites
1004 2435 1147 2497 ἀνέωσαν.
1184 2439 1254 2514 Sed,
1291 2441 1327 2498 ut
1361 2439 1430 2498 iam

253 2552 407 2629 dicebam,
440 2555 529 2612 totus
559 2554 649 2612 locus
681 2555 854 2612 aer-557
888 2553 1112 2627 ineptissimus
1143 2555 1203 2628 est,
1237 2552 1429 2626 additusque

253 2665 291 2723 ab
324 2681 360 2724 eo
384 2666 511 2725 videtur
534 2667 588 2739 qui
612 2666 666 2725 illo
691 2665 795 2725 Piraei
819 2681 972 2740 responso
997 2667 1070 2740 apte
1094 2666 1199 2726 claudi
1221 2665 1340 2724 librum
1363 2681 1430 2725 non

237 2781 389 2852 putaret.
421 2780 507 2838 Nihil
538 2782 649 2839 tamen
681 2780 842 2840 desiderat
872 2780 973 2840 lector
1002 2781 1142 2854 prudens
1165 2780 1220 2839 ubi
1244 2779 1430 2839 Telemachi

251 2894 291 2952 ad
322 2893 458 2952 comites
488 2894 587 2952 verba
619 2895 692 2962 (503
725 2897 784 2967 sq.)
816 2893 948 2970 audivit,
978 2897 1011 2954 et
1033 2897 1200 2968 praeterea
1223 2894 1304 2953 bene
1328 2894 1427 2953 Theo-

252 3006 400 3079 clymeno
432 3009 638 3081 prospectum
670 3009 828 3082 cognovit.
861 3009 906 3067 Ea
937 3025 1019 3083 quae
1049 3025 1151 3083 usque
1178 3009 1218 3068 ad
1242 3007 1428 3068 Telemachi

251 3120 285 3178 in
315 3121 449 3179 Eumaei
473 3121 637 3180 stabulum
665 3121 842 3181 adventum
866 3125 898 3191 (ιι
918 3124 948 3192 4)
969 3123 1173 3182 intercedunt
1191 3122 1279 3181 nullo
1299 3121 1428 3194 negotio

252 3233 421 3306 cogitando
445 3234 581 3307 supplet.
