3270 5262
537 1625 799 1734 LIBER
847 1625 1007 1733 XVI.

677 1897 871 1906 --——

229 2084 274 2144 33
309 2099 377 2157 sqq.
409 2083 458 2143 Ab
490 2083 631 2143 Eumaeo
663 2082 824 2142 salutatus
855 2081 1068 2141 Telemachus
1102 2083 1281 2158 „agedum”
1314 2083 1361 2142 ait

182 2213 306 2275 „narra
328 2198 429 2257 mihi'’

364 2308 383 2388 ἥ
407 2333 457 2389 μοι
480 2305 518 2370 ἔτ’
545 2308 577 2370 ἐν
601 2309 717 2395 μεγάρῳ
741 2308 836 2388 μήτηρ
859 2306 949 2387 μένει,
971 2305 1006 2387 ἠέ
1027 2331 1069 2380 τις
1092 2305 1151 2387 ἤδη

364 2421 483 2503 ἀνδρῶν
506 2421 592 2496 turos
615 2421 733 2504 ἔγημεν,
750 2417 914 2501 Ὀδυσσῆος
937 2419 970 2482 δέ
991 2406 1070 2483 ποθ’·
1091 2419 1164 2500 εὐνὴ

364 2532 439 2616 χήτε’
467 2535 628 2598 ἐνευναίων
651 2531 716 2596 κοίν’
743 2534 869 2616 ἀράχνια
892 2541 983 2596 κεῖται
1006 2533 1121 2614 ἔχουσα.

230 2653 422 2713 Annotatis:
457 2651 553 2726 „quid
583 2652 649 2710 sint
680 2648 818 2711 ἐνεύναιυ
850 2667 891 2711 ex
915 2652 929 2722 ξ
950 2651 990 2711 51
1016 2652 1181 2725 apparet.''
1205 2652 1360 2725 Equidem

180 2765 313 2824 nullum
336 2781 408 2825 esse
432 2765 675 2825 substantivum
698 2762 836 2825 ἐνεύναω
860 2765 987 2838 opinor;
1012 2765 1069 2824 sed
1088 2762 1240 2838 ἐνεύναιυς
1261 2768 1361 2826 adiec-

181 2879 293 2938 tivum
324 2881 382 2954 est,
416 2895 477 2953 quo
509 2894 593 2955 cum,
625 2881 662 2939 ut
692 2878 706 2950 ξ
739 2880 779 2938 51
804 2877 849 2954 fit,
879 2879 1083 2938 substantivo
1108 2874 1199 2956 δέρμα
1224 2880 1359 2954 additur,

182 2991 387 3067 significatur
421 3009 458 3053 eo
492 2993 613 3053 lectum
648 2993 750 3053 sterni
783 2992 896 3067 solere,
933 2995 966 3052 et
1001 2993 1131 3067 quidem
1161 2992 1237 3067 quia
1269 2991 1362 3052 αὐτοῦ

183 3107 319 3182 accedit,
344 3107 447 3181 ipsius
469 3106 604 3166 Eumaei
628 3107 757 3166 lectum.
782 3107 853 3165 Non
876 3108 988 3165 tamen
1011 3107 1063 3166 hic
1087 3107 1175 3166 vocis
1199 3103 1361 3164 ἐνευναίων

183 3235 261 3280 eam
288 3235 359 3279 esse
382 3220 452 3278 vim
476 3219 587 3293 opinor
609 3222 646 3279 ut
668 3213 739 3296 χήεέ
766 3216 928 3278 ἐνευναίων
950 3219 1111 3294 significet
1137 3219 1231 3295 „quia
1254 3220 1362 3279 nullae

182 3335 298 3392 insunt
332 3333 528 3407 stragulae.‘'
565 3332 733 3406 stragulae
767 3333 854 3393 enim
891 3349 956 3393 non
990 3333 1160 3407 prohibent
1190 3333 1363 3406 quominus

183 3447 251 3506 filis
271 3447 339 3507 suis
357 3447 480 3506 lectum
499 3446 648 3506 intexant
668 3461 814 3506 araneae.
835 3447 873 3505 In
892 3461 1084 3520 unoquoque
1103 3447 1135 3506 id
1154 3446 1223 3506 loco
1240 3445 1364 3506 faciunt

184 3560 251 3636 qui,
282 3561 380 3620 nullis
412 3575 449 3620 eo
479 3560 684 3619 venientibus
715 3559 909 3635 hominibus,
938 3560 1121 3634 negligitur.
1145 3561 1252 3632 Atque
1276 3561 1364 3619 idern

183 3676 240 3735 hic
270 3674 332 3734 dici
362 3677 440 3748 puto
472 3676 505 3734 et
527 3668 603 3751 χήτε’
630 3670 792 3732 ἐνευναίων
816 3688 905 3732 esse:
933 3674 1029 3748 „quia
1053 3674 1133 3733 nulli
1156 3674 1200 3733 ibi
1223 3673 1363 3734 dormire

183 3789 294 3849 solent
316 3788 498 3848 homines.’'

232 4015 274 4073 42
298 4014 415 4074 Introit
439 4029 513 4087 ergo
537 4012 672 4072 Eumaei
694 4012 860 4072 stabulum
884 4011 1107 4072 Telemachus,

365 4136 404 4208 τῷ
429 4120 458 4185 δ’
485 4122 572 4205 ἕδρης
595 4124 707 4186 ἐπιόντι
730 4123 827 4203 πατὴρ
839 4121 996 4198 ὑπίίειξεν
1015 4119 1175 4197 Ὀδυσσεύς

232 4240 337 4300 Immo
361 4255 437 4299 vero
457 4236 631 4298 ὑαέίειυενε
657 4239 768 4298 cedere
792 4237 985 4299 Telemacho
1010 4241 1085 4300 sede
1109 4255 1169 4299 sua
1192 4239 1367 4298 volebat

185 4353 334 4430 ulysses,
359 4354 417 4413 sed
439 4353 544 4413 vetuit
567 4352 797 4412 Telemachus:

365 4457 431 4544 ἧσο,
454 4461 535 4540 ξεῖν’·
560 4458 631 4544 ἦμες
656 4461 688 4524 δὲ
711 4459 759 4524 καί
785 4461 892 4524 ἄλλοθι
917 4466 1028 4545 δήομεν
1052 4463 1150 4545 ἕδρην.
