3310 5262
766 665 826 723 127

408 850 444 914 οὐ
467 853 521 929 μέν
543 846 567 912 κ’
593 848 666 930 ἄλλη
688 845 712 932 γ’
728 841 785 912 ὧδε
808 848 886 930 γυνη
908 848 1035 930 τετληότι
1057 854 1147 932 θυμῷ

407 963 516 1045 ἀνδρὸς
539 963 693 1044 ἀφεσταίη,
717 964 748 1038 ὅς
770 967 823 1026 ἔοι
846 962 923 1025 καττὰ
945 961 1039 1026 πολλὰ
1062 963 1193 1045 μογήσας

407 1079 491 1162 ἔλθοι
514 1078 671 1164 ἕθειιιοστῷ
693 1076 775 1140 Hert
797 1077 826 1151 ἐς
849 1079 976 1159 πατρίδα
998 1084 1096 1160 γαῖαν.

240 1195 292 1254 Ut
326 1196 445 1255 melius
475 1195 555 1254 haec
586 1195 780 1256 cohaereant
810 1210 866 1268 pro
891 1191 926 1253 οὐ
950 1191 1004 1271 μέν
1028 1198 1086 1264 (vs.
1114 1195 1186 1264 168)
1210 1194 1382 1268 legendum

193 1309 249 1367 est
275 1306 316 1368 οὐ
342 1307 405 1388 γάρ.

246 1532 317 1591 174
341 1532 477 1593 Lectum
500 1533 562 1592 sibi
584 1533 687 1593 sterni
710 1536 881 1606 tamquam
903 1533 971 1592 iam
995 1534 1140 1593 cubitum
1164 1534 1258 1609 ituro,
1284 1549 1382 1607 quan·

197 1647 381 1720 doquidenr
405 1647 444 1706 ab
467 1663 568 1707 uxore
591 1662 656 1707 non
680 1647 883 1723 agnoscatur,
908 1646 1046 1719 Ulysses
1068 1647 1166 1706 iubet.
1193 1647 1255 1706 Hic
1278 1647 1350 1706 illa:

411 1754 560 1839 durpdvlf,
582 1755 639 1820 οὔτ’
666 1756 703 1839 ἅμ
727 1781 754 1819 τι
778 1757 967 1838 μεγαλίζομαι
991 1753 1050 1819 οὔτ’
1077 1756 1204 1838 ἀθερίζω

197 1874 232 1933 h.
272 1890 302 1934 e.
333 1875 375 1934 ut
409 1873 537 1948 opinor:
572 1874 675 1948 „quod
706 1874 754 1932 sic
784 1889 843 1947 ago
875 1888 939 1931 non
970 1871 1007 1933 fit
1037 1875 1187 1947 superbia
1210 1890 1314 1948 neque
1337 1876 1386 1935 tui

200 1988 430 2062 contemptu.”
474 1988 535 2047 Sed
570 1987 715 2061 sequitur
749 2003 797 2047 vs.
836 1988 916 2046 175:
953 1983 1020 2047 οὔτε
1054 1986 1121 2066 λίην
1156 1984 1268 2067 ἄγαμαι
1302 1990 1387 2062 quod

200 2102 369 2174 quomodo
393 2103 426 2161 et
449 2117 511 2174 quo
534 2117 632 2160 sensu
657 2103 848 2161 annectatur
871 2102 1136 2176 praecedentibus
1155 2103 1313 2176 pervelim
1333 2118 1386 2161 mc

200 2215 362 2274 doceatis.
383 2211 586 2293 Antipatrum
606 2215 675 2274 eius
696 2215 820 2288 estqui
840 2216 897 2274 vix
917 2216 1018 2276 oculis
1038 2216 1107 2274 suis
1127 2213 1223 2275 iidem
1244 2215 1386 2274 habeat?

254 2440 319 2498 175
344 2455 412 2512 sqq.
438 2439 520 2500 Tum
544 2440 591 2499 sic
614 2441 735 2514 pergit:

611 2554 688 2631 μάλα
711 2545 777 2614 δἐὗ
800 2549 897 2632 fotd’,
919 2547 981 2626 οἷος
1005 2552 1102 2632 ἔησθα

345 2663 374 2738 ἐξ
393 2660 517 2745 Ἰθάκης
541 2664 588 2727 ἐπὶ
611 2665 683 2745 νηὸς
707 2665 760 2728 ι’ὼι·
789 2665 1015 2748 δολιχηρέτμοιο.

344 2773 402 2839 ἀλλ’
428 2777 480 2860 ὀλγε
502 2782 555 2840 θοι
578 2779 715 2859 στόρεσον
738 2779 866 2842 πυκινὸν
889 2779 980 2861 λέχος,
1004 2777 1198 2860 Εὐρυαλέεια,

346 2891 427 2966 ἐντὸς
451 2891 611 2966 ἐυσταθέος
633 2895 784 2973 θαλάμου,
806 2895 857 2957 τόν
881 2890 907 2975 ῥ’
924 2895 1014 2968 αὐτὸς
1037 2894 1137 2957 ἐποίει·

346 3005 422 3067 ἔνθα
445 3010 497 3069 ἔοι
520 3006 653 3068 λυθεῖσαι
675 3008 804 3069 τιυιιιυὸν
827 3007 908 3088 λε’χος
932 3005 1059 3089 ἐμβάλετ’
1087 3007 1186 3086 εὐνήν.

256 3122 305 3180 Ad
329 3123 482 3183 ultimum
503 3140 635 3184 versum
656 3125 836 3184 annotatis:
859 3122 1010 3199 „doddoni
1022 3141 1091 3200 nos,
1106 3121 1237 3182 ἐκθεῖσαι
1251 3124 1386 3183 codices,

210 3235 250 3294 In
292 3237 425 3309 vulgata
468 3237 604 3298 absurde
646 3238 803 3313 Penelope
842 3241 965 3298 extra
999 3239 1233 3298 thalamum
1268 3237 1388 3311 hospiti

211 3349 335 3408 lectum
382 3352 506 3409 struere
548 3351 636 3410 iubet
671 3351 822 3424 ancillas;
858 3368 922 3411 non
958 3352 1045 3411 enim
1080 3353 1145 3411 iam
1180 3353 1278 3424 negat
1313 3367 1388 3410 curn

213 3463 370 3521 maritum
394 3479 491 3522 suum
515 3480 586 3524 esse
608 3462 714 3541 (ἔησθα
734 3481 782 3525 vs,
807 3466 889 3539 175),
912 3465 1026 3525 callido
1045 3482 1122 3526 vero
1143 3465 1276 3525 oonsilio
1296 3463 1389 3538 fingit

213 3576 322 3634 torum
347 3591 411 3634 non
431 3577 570 3650 amplius
591 3578 784 3637 collocatum
805 3595 876 3638 csse
897 3581 929 3638 in
950 3580 1127 3640 cubiculo.”
1150 3579 1237 3653 Quod
1258 3580 1299 3639 ad
1318 3593 1388 3638 rom

213 3689 396 3748 rectissime
419 3691 742 3766 prudentissimeque,
768 3693 824 3751 sed
848 3696 884 3752 ut
908 3693 1066 3753 Graecum
1090 3694 1134 3753 sit
1157 3691 1232 3751 ἔνθα
1256 3690 1389 3751 λυθεῖσαι

215 3816 343 3874 vereor;
369 3804 454 3861 certe
478 3802 688 3886 Homericum
712 3820 775 3863 non
796 3806 933 3865 videtur.
955 3807 1152 3881 Quapropter
1172 3806 1303 3866 malim:
1324 3800 1386 3865 ἕνθ’

215 3910 272 3995 ἅμα
292 3916 344 3976 λοι
363 3920 470 3974 θεῖσαι.
493 3916 544 3974 Sic
563 3918 661 3976 simul
673 3920 796 3978 vitatur
808 3919 924 3978 durum
938 3921 1024 3979 istud
1037 3917 1169 3979 ἐνθεῖσαι
1179 3967 1184 3978 .
1195 3967 1200 3979 .
1211 3966 1232 3980 ..
1246 3915 1388 3999 ἐμβάλετ’.

264 4143 325 4201 183
350 4142 491 4202 Vixdum
515 4142 595 4203 haec
619 4144 742 4203 audivit
765 4144 902 4218 Ulysses
927 4161 1001 4205 curn
1025 4148 1205 4206 exclamat:

394 4247 417 4315 ὦ
440 4256 539 4336 γύναι,
560 4249 579 4335 ᾖ
603 4257 680 4334 μάλα
702 4266 789 4318 τοῦτο
812 4255 906 4329 Hunc
929 4255 1080 4340 θυμαλγὲς
1104 4258 1219 4331 ἔλειπες

217 4368 368 4442 additque
379 4386 385 4427 :

551 4483 594 4556 τίς
618 4482 651 4543 δέ
674 4508 723 4562 μοι
747 4479 845 4546 θλλοσ’
872 4485 964 4564 ἔθηκε
987 4484 1086 4566 λέχος;
