3270 5262
642 1650 903 1761 traua
950 1651 1023 1760 H.

737 1931 933 1941 ..-——--—-

284 2110 334 2168 50
370 2125 438 2182 sqq.
474 2107 687 2170 Telemachus
718 2127 738 2170 a
768 2126 804 2169 se
834 2110 988 2184 poputum
1020 2108 1234 2167 convocatum
1265 2106 1423 2177 declarat;

240 2222 361 2282 deinde
396 2238 457 2295 quo
491 2223 521 2282 id
557 2225 669 2284 fecerit
708 2224 841 2284 consilio
880 2226 913 2283 et
944 2222 1016 2282 aliis
1050 2221 1198 2280 versibus
1230 2219 1363 2293 exponit
1393 2221 1426 2277 et

239 2335 335 2395 hisce
360 2337 412 2405 (50
436 2341 533 2409 sqq.):

447 2444 546 2528 μητέρ’
574 2447 628 2534 ἐμῇ
651 2457 815 2528 μνηστῆρες
839 2447 981 2529 ἐπέχραον
1006 2447 1061 2509 οὐκ
1086 2445 1242 2531 ἐθελούσῃ,

449 2572 507 2624 τῶν
530 2561 649 2643 ἀνδρῶν
672 2565 755 2640 φίλοι
778 2557 849 2640 υἷες,
872 2566 902 2625 οἳ
924 2562 1034 2624 ἐνθάδε
1056 2558 1158 2642 γἐἰσέν
1182 2557 1302 2640 ἄριστοι·

362 2677 403 2736 52
449 2679 479 2737 οἳ
500 2676 610 2756 πατρὸς
633 2674 686 2755 μέν
711 2677 740 2751 ές
764 2671 847 2738 οἷκον
871 2675 1045 2757 ἀπερρίγασι
1067 2673 1189 2736 νέεσθαι

450 2787 606 2870 έιιιαρίοέ,
629 2791 668 2864 ὥς
691 2788 719 2852 κ’
747 2790 837 2864 αὐτὸς
860 2789 1057 2852 έέεδνώσαιιο
1080 2789 1226 2869 θύγατρα,

451 2904 526 2984 δοίη,
542 2905 574 2965 δ’
600 2899 622 2989 ᾧ
646 2900 669 2965 κ’
697 2903 787 2989 ἐθέλῃ
809 2905 862 2965 ιιαί
882 2907 934 2965 fot
956 2899 1163 2983 κεχαρισμένος
1186 2899 1269 2985 έλθρ·

449 3019 479 3078 οἳ
501 3013 532 3078 δ’
554 3018 594 3091 εἰς
617 3015 758 3100 ἡμέτερον
781 3017 837 3080 ιιτὲ.

295 3134 479 3205 Sequuntur
509 3135 606 3194 solita
636 3135 692 3194 illa
723 3136 762 3194 de
793 3149 964 3210 procorum
995 3133 1098 3208 epulis
1122 3131 1307 3211 Telemachi
1331 3131 1425 3205 patri-

247 3248 360 3306 monio
379 3249 527 3307 funestis,
550 3249 587 3306 In
606 3264 704 3308 versu
724 3250 766 3308 52
787 3249 920 3308 haerere
940 3263 999 3307 vos
1019 3248 1154 3307 minime
1174 3247 1312 3317 mirum;
1331 3247 1427 3318 atque

247 3362 317 3422 iure
349 3361 461 3421 literae
491 3363 512 3418 f
542 3363 574 3420 in
598 3378 677 3422 voce
702 3355 782 3433 οἶκος
807 3362 952 3422 defectus
975 3363 1079 3421 multo
1103 3377 1162 3421 ves
1186 3361 1297 3420 movet
1317 3359 1427 3417 minus

247 3489 348 3548 quam
380 3477 486 3535 cetera
516 3475 631 3548 quibus
662 3478 752 3536 totus
783 3477 874 3535 locus
901 3476 1025 3535 laboret
1047 3476 1137 3534 vitia.
1163 3473 1293 3552 Requiri
1317 3474 1427 3532 autem

247 3589 333 3646 hanc
357 3588 497 3646 censetis
517 3589 732 3649 sententiam:
755 3590 895 3664 (proci)
920 3590 987 3661 qui
1012 3590 1214 3648 verentur
1237 3602 1284 3645 ne
1308 3587 1426 3646 Pene-

247 3702 343 3775 lope
385 3701 547 3760 domum
589 3704 729 3776 patris
770 3703 837 3764 sui
873 3702 1004 3761 Icarii
1038 3702 1193 3761 redeat.
1231 3700 1428 3775 Quapropter

247 3813 424 3873 coniicitis:

381 3915 383 3918 Ι
447 3929 477 3986 οἳ
499 3927 607 4006 πατρός
630 3923 703 4000 Ε’(ε)
729 3925 757 3999 ές
782 3933 890 3989 fotam!
914 3926 1088 4006 ἀπερρίγασι
1113 3923 1242 3986 νέεσθαι.

293 4042 354 4100 Sed
378 4058 418 4100 ne
439 4042 524 4102 hunc
544 4044 674 4116 quidem
695 4059 829 4103 versum
850 4044 1078 4102 commendare
1098 4041 1271 4101 lectoribus
1291 4040 1426 4114 audetis,

245 4156 323 4230 quia
346 4170 507 4228 nusquam
528 4157 603 4216 alibi
623 4154 723 4235 ε”ρριγα
745 4158 972 4216 accusativum
993 4171 1068 4218 cum
1089 4154 1248 4213 infinitivo
1269 4154 1430 4213 adsciscat

244 4272 279 4330 et
302 4269 378 4341 quia
403 4271 619 4345 compositum
643 4267 817 4348 ἀπερρίγασι
841 4271 994 4330 nonnisi
1019 4269 1173 4329 hocloco
1198 4269 1315 4327 exstet.
1342 4268 1428 4343 Quae

244 4384 325 4442 sunt
360 4398 476 4474 causae
511 4384 735 4457 gravissimae.
772 4384 849 4442 Mihi
884 4386 997 4444 autem
1036 4383 1208 4456 sententia,
1241 4397 1339 4454 quam
1371 4397 1429 4440 ves

243 4496 421 4556 desiderari
452 4498 585 4573 putatis,
619 4498 755 4556 minime
787 4497 819 4556 in
850 4499 936 4560 hunc
966 4499 1075 4560 iocum
1107 4498 1263 4572 quadrare
1290 4494 1427 4555 videtur.
