3310 5262
821 687 884 752 180

465 881 559 964 αὐτὰρ
582 879 599 944 ὃ
623 879 758 963 διογενής
777 875 929 959 Ὀδυσεὺς,
951 878 1006 941 ὅσα
1028 873 1106 959 κήύέ
1133 877 1224 958 ἔθηκε

463 990 650 1077 ἆνθρύποισ’
678 993 733 1056 ὅσα
755 989 780 1055 τ’
807 991 896 1067 αύτὸς
919 989 1038 1066 ὀιζύσας
1061 991 1194 1075 ἐμόγησε.

263 1108 279 1173 ὃ
310 1110 446 1193 διογενής
472 1106 630 1183 Ὀδοσεύςε
663 1110 797 1171 hoccine
827 1109 996 1170 ferendum
1027 1109 1060 1169 in
1087 1109 1226 1170 editione
1250 1107 1290 1167 ad
1314 1108 1437 1166 certam

262 1226 423 1287 sermonis
445 1241 596 1286 normam
619 1224 773 1285 redacta?
796 1225 880 1284 Nam
904 1223 988 1298 quod
1011 1239 1037 1283 e.
1063 1240 1089 1283 c.
1114 1223 1231 1298 legitur
1255 1222 1271 1293 ζ
1294 1222 1329 1280 1;

417 1330 457 1410 ὦς
480 1333 496 1397 ὃ
519 1334 573 1416 μὲν
597 1335 674 1397 ἔνθα
692 1337 830 1414 καθηῦδε
853 1335 999 1408 πολύτλας
1023 1335 1086 1408 δῖος
1106 1330 1266 1408 Ὀδυσσεύς

260 1454 312 1530 ibi,
338 1452 516 1513 interiectis
539 1448 615 1511 ἔνθα
634 1450 781 1530 καθηῦδε,
800 1451 899 1512 verba
917 1449 1064 1522 πολύτλας
1084 1449 1147 1523 δῖος
1162 1444 1322 1520 Ὀδυσσεύς
1336 1445 1436 1519 accipi

259 1569 396 1642 possunt
418 1568 588 1640 tamquam
613 1565 771 1641 appositio
795 1565 932 1625 subiecti
954 1567 988 1624 et
1010 1564 1211 1639 pronominis
1235 1562 1259 1624 i.

304 1795 371 1855 350
402 1809 471 1869 sqq.
496 1793 542 1854 De
566 1794 650 1854 lecto
673 1793 779 1868 surgit
801 1791 939 1867 Ulysses
963 1794 996 1852 et
1018 1793 1066 1852 sic
1087 1807 1224 1852 uxorem
1248 1792 1438 1866 alloquitur:

436 1898 460 1968 ὦ
482 1906 582 1987 γύναι,
604 1903 663 1984 ήδη
687 1901 741 1984 μὲν
764 1902 880 1966 πολέων
902 1900 1077 1985 κεκορήμεθ’
1105 1902 1224 1967 ἀέθλων

436 2017 602 2101 ἀμφοτέρω,
624 2018 661 2080 σὺ
685 2015 740 2097 μὲν
763 2012 871 2080 ἐνθάδ’
897 2015 969 2097 ἐμὸν
991 2016 1163 2098 πολυκηδέα
1184 2018 1291 2082 νύστον

435 2129 583 2213 κλαίοοσ’,
605 2131 698 2213 αὐτὰρ
723 2129 772 2211 ἐμὲ
797 2131 873 2205 Ζεύς
896 2129 995 2213 tityro
1017 2131 1068 2193 καλ
1090 2132 1159 2194 θεολ
1181 2130 1264 2196 ἄλλοι

434 2246 575 2327 ύιέμενον
593 2242 770 2308 ’πεδάεσκον
793 2244 865 2324 ἐμῆς
888 2243 948 2307 ἀπὸ
970 2247 1112 2327 πατρίδος
1136 2247 1211 2327 αἴης.

304 2365 412 2425 Arena
435 2365 505 2424 sine
529 2364 616 2426 calce
640 2364 703 2424 ista
727 2364 804 2423 sunt
826 2358 1090 2441 ἅλγεσι....αι”ης.

304 2591 368 2649 369
392 2605 460 2663 sqq.
485 2589 556 2649 Iam
579 2589 646 2648 iam
669 2589 837 2648 adfuturos
856 2603 1027 2663 procorum
1046 2589 1167 2649 ultores
1187 2591 1278 2650 ratus
1297 2589 1434 2666 Ulysses

259 2705 327 2778 ipse
361 2719 454 2763 arma
490 2702 595 2762 induit
629 2704 662 2762 et
696 2703 888 2764 Telemacho
920 2703 1062 2764 Eumaeo
1093 2703 1250 2766 Philoetio
1280 2705 1317 2765 ut
1347 2705 1433 2766 idem

261 2818 382 2878 faciant
405 2818 560 2893 imperat:
1083 2787 1086 2796 ’

415 2932 446 2992 οἳ
467 2929 500 2992 δέ
520 2933 574 2993 θοι
596 2930 653 2994 ούκ
675 2928 841 3011 ἀπύθησαν,
863 2930 1070 3012 ἐθωρήσσοντο
1094 2927 1127 2993 di
1149 2936 1257 3018 χαλκῷ,

304 3047 369 3108 370
415 3044 506 3120 ύιξαν
529 3042 562 3106 δὲ
583 3046 694 3126 θύρας,
715 3043 747 3107 ἐκ
770 3040 800 3106 δ’
824 3043 913 3126 ήισαν
926 3067 930 3075 ·
943 3037 1013 3127 ήρχε
1036 3041 1065 3108 d’
1078 3040 1246 3120 Ὀδυσσεύς.

415 3158 475 3240 ήδη
498 3156 552 3238 μὲν
575 3159 652 3237 φάος
675 3152 728 3245 ήεν
751 3157 799 3221 ἐπὶ
821 3159 929 3240 χθόνα,
950 3159 1019 3231 τοὺς
1043 3154 1073 3220 δι’
1088 3155 1130 3241 ἄρ’
1157 3159 1270 3240 Ἀθήνη

416 3272 499 3335 νυκτὶ
521 3273 738 3353 κατακρύψασα
762 3279 846 3347 θοῶς
869 3272 952 3355 ἐξῆγε
974 3272 1093 3351 πόληος.

305 3390 408 3449 Versu
443 3388 506 3449 371
542 3404 599 3463 pro
629 3383 689 3465 ήδη
719 3384 773 3464 μέν
802 3389 975 3462 legendum
1007 3388 1100 3450 credo
1131 3385 1190 3466 ήδη
1219 3387 1283 3469 γάρ.
1307 3389 1434 3480 Dixerit

149 3481 154 3488 ⁶
261 3504 377 3578 aliquis
408 3503 486 3562 illud
517 3498 571 3579 μέν
601 3502 799 3576 iungendum
831 3517 902 3562 esse
927 3519 1001 3562 oum
1024 3504 1179 3576 sequente
1204 3495 1243 3562 d’.
1267 3503 1311 3563 At
1334 3505 1382 3563 sic
1405 3504 1433 3564 si

261 3618 368 3678 locum
399 3616 619 3690 acceperimus
634 3617 734 3675 ‘totus
757 3631 872 3676 versus
896 3617 958 3676 371
983 3617 1071 3677 nullo
1095 3616 1223 3676 vinculo
1247 3632 1322 3676 cum
1345 3634 1432 3692 prae·

262 3731 394 3791 cedente
430 3728 621 3805 cohaerebit,
658 3732 691 3788 et
724 3729 803 3789 illud
838 3723 865 3787 d’
903 3745 998 3790 suam
1029 3731 1090 3790 sibi
1121 3731 1174 3789 hic
1203 3731 1272 3790 vim
1303 3731 1434 3791 habebit

262 3845 391 3905 etiamsi
419 3840 473 3922 μέν
504 3859 567 3902 non
598 3843 835 3917 praemittatur.
867 3844 900 3902 Si
929 3842 985 3923 γάρ
1011 3844 1160 3920 legimus,
1185 3845 1276 3928 ratio
1291 3845 1434 3905 redditur

262 3975 318 4018 our
338 3960 403 4018 iam
423 3957 560 4032 Ulysses
579 3959 721 4031 sociique
740 3974 775 4018 se
795 3959 871 4017 dent
890 3958 923 4016 in
943 3959 1041 4032 viam,
1055 3959 1138 4030 quod
1151 3959 1201 4016 est
1214 3958 1431 4032 aptissimum.
