<?xml version="1.0" encoding="UTF-8"?>
<!DOCTYPE html PUBLIC "-//W3C//DTD XHTML 1.0 Transitional//EN"
    "http://www.w3.org/TR/xhtml1/DTD/xhtml1-transitional.dtd">
<html xmlns="http://www.w3.org/1999/xhtml" xml:lang="en" lang="en">
 <head>
  <title>
</title>
<meta http-equiv="Content-Type" content="text/html;charset=utf-8" />
  <meta name='ocr-system' content='tesseract 3.04.00' />
  <meta name='ocr-capabilities' content='ocr_page ocr_carea ocr_par ocr_line ocrx_word'/>
</head>
<body>
  <div class='ocr_page' id='page_1' title='image "./epistolacritica00costgoog_0135.png"; bbox 0 0 3310 5262; ppageno 0'>
   <div class='ocr_carea' id='block_1_1' title="bbox 855 661 916 718">
    <p class='ocr_par' dir='ltr' id='par_1_1' title="bbox 855 661 916 718">
     <span class='ocr_line' id='line_1_1' title="bbox 855 661 916 718; baseline 0 0"><span class='ocrx_word' id='word_1_1' title='bbox 855 661 916 718; x_wconf 81' lang='lat'>126</span> 
     </span>
    </p>
   </div>
   <div class='ocr_carea' id='block_1_2' title="bbox 294 841 1469 1376">
    <p class='ocr_par' dir='ltr' id='par_1_2' title="bbox 294 841 1469 1376">
     <span class='ocr_line' id='line_1_2' title="bbox 339 841 1469 929; baseline 0.009 -30"><span class='ocrx_word' id='word_1_2' title='bbox 339 841 454 901; x_wconf 90' lang='lat' dir='ltr'>Nullus</span> <span class='ocrx_word' id='word_1_3' title='bbox 484 844 536 904; x_wconf 92' lang='lat' dir='ltr'>hic</span> <span class='ocrx_word' id='word_1_4' title='bbox 566 845 656 904; x_wconf 91' lang='lat' dir='ltr'>locus</span> <span class='ocrx_word' id='word_1_5' title='bbox 686 844 982 929; x_wconf 73' lang='grc' dir='ltr'><strong>9191191111111αὐτῇε</strong></span> <span class='ocrx_word' id='word_1_6' title='bbox 1008 847 1083 919; x_wconf 86' lang='lat' dir='ltr'>quid</span> <span class='ocrx_word' id='word_1_7' title='bbox 1107 848 1195 906; x_wconf 89' lang='lat' dir='ltr'>enim</span> <span class='ocrx_word' id='word_1_8' title='bbox 1218 849 1352 922; x_wconf 86' lang='lat' dir='ltr'>cogitari</span> <span class='ocrx_word' id='word_1_9' title='bbox 1375 849 1469 909; x_wconf 89' lang='lat' dir='ltr'>debet</span> 
     </span>
     <span class='ocr_line' id='line_1_3' title="bbox 294 957 1469 1040; baseline 0.008 -26"><span class='ocrx_word' id='word_1_10' title='bbox 294 957 443 1028; x_wconf 77' lang='lat' dir='ltr'><strong>potestve</strong></span> <span class='ocrx_word' id='word_1_11' title='bbox 463 959 569 1018; x_wconf 87' lang='lat' dir='ltr'>verbis</span> <span class='ocrx_word' id='word_1_12' title='bbox 591 960 771 1035; x_wconf 82' lang='lat' dir='ltr'>„tibiipsi”</span> <span class='ocrx_word' id='word_1_13' title='bbox 791 962 1000 1034; x_wconf 87' lang='lat' dir='ltr'>oppositum?</span> <span class='ocrx_word' id='word_1_14' title='bbox 1017 961 1211 1037; x_wconf 75' lang='lat' dir='ltr'>Lugendum,</span> <span class='ocrx_word' id='word_1_15' title='bbox 1233 963 1270 1021; x_wconf 89' lang='lat' dir='ltr'>ut</span> <span class='ocrx_word' id='word_1_16' title='bbox 1285 964 1405 1040; x_wconf 85' lang='lat' dir='ltr'>opinor,</span> <span class='ocrx_word' id='word_1_17' title='bbox 1420 967 1469 1023; x_wconf 91' lang='lat' dir='ltr'>est</span> 
     </span>
     <span class='ocr_line' id='line_1_4' title="bbox 295 1067 1467 1151; baseline 0.009 -23"><span class='ocrx_word' id='word_1_18' title='bbox 295 1067 380 1145; x_wconf 79' lang='grc' dir='ltr'><strong><em>αὐτή,</em></strong></span> <span class='ocrx_word' id='word_1_19' title='bbox 398 1074 435 1130; x_wconf 88' lang='grc'>91</span> <span class='ocrx_word' id='word_1_20' title='bbox 453 1073 534 1132; x_wconf 88' lang='lat' dir='ltr'>haee</span> <span class='ocrx_word' id='word_1_21' title='bbox 553 1073 597 1132; x_wconf 93' lang='lat' dir='ltr'>sit</span> <span class='ocrx_word' id='word_1_22' title='bbox 614 1074 715 1132; x_wconf 89' lang='lat' dir='ltr'>totius</span> <span class='ocrx_word' id='word_1_23' title='bbox 736 1089 850 1134; x_wconf 87' lang='lat' dir='ltr'>versus</span> <span class='ocrx_word' id='word_1_24' title='bbox 869 1076 1047 1134; x_wconf 89' lang='lat' dir='ltr'>sententia:</span> <span class='ocrx_word' id='word_1_25' title='bbox 1071 1078 1162 1151; x_wconf 83' lang='lat' dir='ltr'>„ipsa</span> <span class='ocrx_word' id='word_1_26' title='bbox 1176 1075 1270 1137; x_wconf 86' lang='lat' dir='ltr'>&#39;illam</span> <span class='ocrx_word' id='word_1_27' title='bbox 1285 1079 1467 1138; x_wconf 78' lang='lat' dir='ltr'>cicatricem</span> 
     </span>
     <span class='ocr_line' id='line_1_5' title="bbox 294 1184 1468 1266; baseline 0.006 -23"><span class='ocrx_word' id='word_1_28' title='bbox 294 1184 408 1243; x_wconf 89' lang='lat' dir='ltr'>lavans</span> <span class='ocrx_word' id='word_1_29' title='bbox 428 1202 503 1245; x_wconf 92' lang='lat' dir='ltr'>eum</span> <span class='ocrx_word' id='word_1_30' title='bbox 523 1187 598 1262; x_wconf 91' lang='lat' dir='ltr'>vidi,</span> <span class='ocrx_word' id='word_1_31' title='bbox 619 1188 690 1261; x_wconf 89' lang='lat' dir='ltr'>ipsa</span> <span class='ocrx_word' id='word_1_32' title='bbox 709 1188 748 1247; x_wconf 92' lang='lat' dir='ltr'>ad</span> <span class='ocrx_word' id='word_1_33' title='bbox 768 1190 801 1247; x_wconf 90' lang='lat' dir='ltr'>te</span> <span class='ocrx_word' id='word_1_34' title='bbox 817 1189 967 1249; x_wconf 90' lang='lat' dir='ltr'>nuntium</span> <span class='ocrx_word' id='word_1_35' title='bbox 979 1190 1062 1248; x_wconf 89' lang='grc'><strong>19119</strong></span> <span class='ocrx_word' id='word_1_36' title='bbox 1074 1191 1194 1266; x_wconf 80' lang='lat' dir='ltr'>volui,”</span> <span class='ocrx_word' id='word_1_37' title='bbox 1208 1191 1291 1263; x_wconf 91' lang='lat' dir='ltr'>quod</span> <span class='ocrx_word' id='word_1_38' title='bbox 1303 1191 1370 1250; x_wconf 90' lang='grc'><strong>1919</strong></span> <span class='ocrx_word' id='word_1_39' title='bbox 1382 1192 1468 1251; x_wconf 88' lang='lat' dir='ltr'>idem</span> 
     </span>
     <span class='ocr_line' id='line_1_6' title="bbox 294 1300 1467 1376; baseline 0.008 -20"><span class='ocrx_word' id='word_1_40' title='bbox 294 1300 345 1356; x_wconf 93' lang='lat' dir='ltr'>est</span> <span class='ocrx_word' id='word_1_41' title='bbox 364 1314 402 1357; x_wconf 91' lang='lat' dir='ltr'>ac</span> <span class='ocrx_word' id='word_1_42' title='bbox 421 1300 449 1358; x_wconf 93' lang='lat' dir='ltr'>si</span> <span class='ocrx_word' id='word_1_43' title='bbox 469 1300 605 1360; x_wconf 89' lang='lat' dir='ltr'>diceret:</span> <span class='ocrx_word' id='word_1_44' title='bbox 630 1302 763 1376; x_wconf 86' lang='lat' dir='ltr'>„statim</span> <span class='ocrx_word' id='word_1_45' title='bbox 783 1303 839 1362; x_wconf 89' lang='lat' dir='ltr'>illa</span> <span class='ocrx_word' id='word_1_46' title='bbox 853 1304 925 1362; x_wconf 88' lang='lat' dir='ltr'>visa</span> <span class='ocrx_word' id='word_1_47' title='bbox 941 1305 1112 1364; x_wconf 82' lang='lat' dir='ltr'>certiorem</span> <span class='ocrx_word' id='word_1_48' title='bbox 1124 1306 1156 1364; x_wconf 88' lang='lat' dir='ltr'>te</span> <span class='ocrx_word' id='word_1_49' title='bbox 1168 1306 1273 1364; x_wconf 87' lang='grc'><strong>199919</strong></span> <span class='ocrx_word' id='word_1_50' title='bbox 1286 1306 1467 1365; x_wconf 90' lang='lat' dir='ltr'>volebam.”</span> 
     </span>
    </p>
   </div>
   <div class='ocr_carea' id='block_1_3' title="bbox 293 1522 1467 2174">
    <p class='ocr_par' dir='ltr' id='par_1_3' title="bbox 293 1522 1467 2174">
     <span class='ocr_line' id='line_1_7' title="bbox 342 1522 1467 1604; baseline 0.008 -24"><span class='ocrx_word' id='word_1_51' title='bbox 342 1522 402 1580; x_wconf 87' lang='lat'>109</span> <span class='ocrx_word' id='word_1_52' title='bbox 434 1539 481 1597; x_wconf 89' lang='lat' dir='ltr'>sq.</span> <span class='ocrx_word' id='word_1_53' title='bbox 514 1526 547 1584; x_wconf 83' lang='lat' dir='ltr'>si</span> <span class='ocrx_word' id='word_1_54' title='bbox 578 1541 691 1584; x_wconf 88' lang='lat' dir='ltr'>revera</span> <span class='ocrx_word' id='word_1_55' title='bbox 721 1527 859 1586; x_wconf 86' lang='lat' dir='ltr'>maritus</span> <span class='ocrx_word' id='word_1_56' title='bbox 889 1543 969 1587; x_wconf 89' lang='lat' dir='ltr'>suus</span> <span class='ocrx_word' id='word_1_57' title='bbox 1000 1525 1168 1604; x_wconf 81' lang='grc'><strong>1111119911,</strong></span> <span class='ocrx_word' id='word_1_58' title='bbox 1194 1529 1279 1589; x_wconf 91' lang='lat' dir='ltr'>haud</span> <span class='ocrx_word' id='word_1_59' title='bbox 1303 1529 1467 1589; x_wconf 86' lang='lat' dir='ltr'>difficilem</span> 
     </span>
     <span class='ocr_line' id='line_1_8' title="bbox 293 1636 1361 1720; baseline 0.005 -22"><span class='ocrx_word' id='word_1_60' title='bbox 293 1640 360 1699; x_wconf 87' lang='grc'><strong>1919</strong></span> <span class='ocrx_word' id='word_1_61' title='bbox 383 1637 434 1699; x_wconf 91' lang='grc' dir='ltr'>τὸν</span> <span class='ocrx_word' id='word_1_62' title='bbox 458 1636 684 1720; x_wconf 78' lang='grc' dir='ltr'><strong><em>ἀναγνωρισμόν</em></strong></span> <span class='ocrx_word' id='word_1_63' title='bbox 707 1641 864 1715; x_wconf 86' lang='lat' dir='ltr'>Penelope</span> <span class='ocrx_word' id='word_1_64' title='bbox 887 1642 965 1701; x_wconf 87' lang='lat' dir='ltr'>dicit</span> <span class='ocrx_word' id='word_1_65' title='bbox 987 1643 1048 1702; x_wconf 90' lang='lat' dir='ltr'>hoc</span> <span class='ocrx_word' id='word_1_66' title='bbox 1071 1646 1262 1716; x_wconf 85' lang='lat' dir='ltr'>argumento</span> <span class='ocrx_word' id='word_1_67' title='bbox 1285 1659 1361 1703; x_wconf 90' lang='lat' dir='ltr'>usa:</span> 
     </span>
     <span class='ocr_line' id='line_1_9' title="bbox 967 1747 1200 1835; baseline 0.009 -22"><span class='ocrx_word' id='word_1_68' title='bbox 967 1753 1026 1814; x_wconf 74' lang='grc' dir='ltr'><strong><em>ἔστι</em></strong></span> <span class='ocrx_word' id='word_1_69' title='bbox 1049 1753 1105 1835; x_wconf 78' lang='grc' dir='ltr'>γὰρ</span> <span class='ocrx_word' id='word_1_70' title='bbox 1129 1747 1200 1834; x_wconf 77' lang='grc' dir='ltr'><strong><em>ἧμιν</em></strong></span> 
     </span>
     <span class='ocr_line' id='line_1_10' title="bbox 471 1861 1299 1947; baseline 0.005 -22"><span class='ocrx_word' id='word_1_71' title='bbox 471 1861 595 1945; x_wconf 77' lang='grc' dir='ltr'><strong><em>σήμαθ’,</em></strong></span> <span class='ocrx_word' id='word_1_72' title='bbox 616 1863 635 1925; x_wconf 78' lang='grc' dir='ltr'>ἃ</span> <span class='ocrx_word' id='word_1_73' title='bbox 659 1865 697 1944; x_wconf 77' lang='grc' dir='ltr'>δὴ</span> <span class='ocrx_word' id='word_1_74' title='bbox 720 1877 775 1928; x_wconf 82' lang='grc' dir='ltr'>νῶι</span> <span class='ocrx_word' id='word_1_75' title='bbox 797 1865 983 1947; x_wconf 78' lang='grc' dir='ltr'><strong><em>κεκρυμμένα</em></strong></span> <span class='ocrx_word' id='word_1_76' title='bbox 1006 1867 1114 1945; x_wconf 64' lang='lat' dir='ltr'>tropa</span> <span class='ocrx_word' id='word_1_77' title='bbox 1138 1864 1299 1929; x_wconf 79' lang='grc' dir='ltr'><strong><em>ἄττ’ὀλλλων.</em></strong></span> 
     </span>
     <span class='ocr_line' id='line_1_11' title="bbox 338 1976 1464 2058; baseline 0.003 -17"><span class='ocrx_word' id='word_1_78' title='bbox 338 1983 390 2041; x_wconf 82' lang='lat' dir='ltr'>Sic</span> <span class='ocrx_word' id='word_1_79' title='bbox 414 1998 472 2042; x_wconf 89' lang='lat' dir='ltr'>vos</span> <span class='ocrx_word' id='word_1_80' title='bbox 495 1982 603 2056; x_wconf 80' lang='lat' dir='ltr'>legitis</span> <span class='ocrx_word' id='word_1_81' title='bbox 627 1999 683 2056; x_wconf 89' lang='lat' dir='ltr'>pro</span> <span class='ocrx_word' id='word_1_82' title='bbox 708 1976 821 2057; x_wconf 78' lang='grc' dir='ltr'><strong><em>σήμαθ’</em></strong></span> <span class='ocrx_word' id='word_1_83' title='bbox 847 1977 866 2040; x_wconf 78' lang='lat' dir='ltr'>u</span> <span class='ocrx_word' id='word_1_84' title='bbox 890 1979 927 2057; x_wconf 75' lang='grc' dir='ltr'>δὴ</span> <span class='ocrx_word' id='word_1_85' title='bbox 951 1978 1000 2039; x_wconf 83' lang='grc' dir='ltr'>καὶ</span> <span class='ocrx_word' id='word_1_86' title='bbox 1024 1983 1464 2058; x_wconf 76' lang='grc' dir='ltr'><strong>νῶι,11111119111911999119111</strong></span> 
     </span>
     <span class='ocr_line' id='line_1_12' title="bbox 293 2092 1466 2174; baseline 0.003 -20"><span class='ocrx_word' id='word_1_87' title='bbox 293 2095 356 2170; x_wconf 90' lang='lat' dir='ltr'>alii,</span> <span class='ocrx_word' id='word_1_88' title='bbox 390 2097 445 2168; x_wconf 91' lang='lat' dir='ltr'>qui</span> <span class='ocrx_word' id='word_1_89' title='bbox 469 2097 509 2155; x_wconf 90' lang='lat' dir='ltr'>ad</span> <span class='ocrx_word' id='word_1_90' title='bbox 537 2097 684 2169; x_wconf 91' lang='lat' dir='ltr'>ineptum</span> <span class='ocrx_word' id='word_1_91' title='bbox 707 2097 794 2155; x_wconf 92' lang='lat' dir='ltr'>istud</span> <span class='ocrx_word' id='word_1_92' title='bbox 818 2095 869 2154; x_wconf 80' lang='grc' dir='ltr'>καί</span> <span class='ocrx_word' id='word_1_93' title='bbox 891 2097 1125 2156; x_wconf 89' lang='lat' dir='ltr'>eliminandum</span> <span class='ocrx_word' id='word_1_94' title='bbox 1149 2092 1263 2173; x_wconf 81' lang='grc' dir='ltr'><strong><em>σήμαθ’</em></strong></span> <span class='ocrx_word' id='word_1_95' title='bbox 1290 2094 1309 2155; x_wconf 81' lang='lat' dir='ltr'>a</span> <span class='ocrx_word' id='word_1_96' title='bbox 1332 2095 1370 2174; x_wconf 78' lang='grc' dir='ltr'>δὴ</span> <span class='ocrx_word' id='word_1_97' title='bbox 1394 2096 1466 2157; x_wconf 83' lang='grc' dir='ltr'><strong><em>κατὰ</em></strong></span> 
     </span>
    </p>
   </div>
   <div class='ocr_carea' id='block_1_4' title="bbox 293 2202 1466 2524">
    <p class='ocr_par' dir='ltr' id='par_1_4' title="bbox 293 2202 1466 2524">
     <span class='ocr_line' id='line_1_13' title="bbox 295 2202 1465 2288; baseline 0.005 -22"><span class='ocrx_word' id='word_1_98' title='bbox 295 2217 347 2267; x_wconf 86' lang='grc' dir='ltr'>νῶι</span> <span class='ocrx_word' id='word_1_99' title='bbox 370 2205 556 2288; x_wconf 83' lang='grc' dir='ltr'><strong><em>κεκρυμμένα</em></strong></span> <span class='ocrx_word' id='word_1_100' title='bbox 580 2210 633 2270; x_wconf 84' lang='lat' dir='ltr'>vel</span> <span class='ocrx_word' id='word_1_101' title='bbox 657 2202 770 2285; x_wconf 80' lang='grc' dir='ltr'>σήμαθ’</span> <span class='ocrx_word' id='word_1_102' title='bbox 798 2205 875 2285; x_wconf 64' lang='lat' dir='ltr'>didi]</span> <span class='ocrx_word' id='word_1_103' title='bbox 895 2209 997 2286; x_wconf 83' lang='grc' dir='ltr'>μούνω</span> <span class='ocrx_word' id='word_1_104' title='bbox 1017 2207 1202 2287; x_wconf 81' lang='grc' dir='ltr'><strong><em>κεκρυμμένα</em></strong></span> <span class='ocrx_word' id='word_1_105' title='bbox 1222 2215 1465 2285; x_wconf 80' lang='lat' dir='ltr'>proposuerunt.</span> 
     </span>
     <span class='ocr_line' id='line_1_14' title="bbox 293 2323 1466 2398; baseline 0.003 -17"><span class='ocrx_word' id='word_1_106' title='bbox 293 2324 355 2383; x_wconf 81' lang='lat' dir='ltr'>Sed</span> <span class='ocrx_word' id='word_1_107' title='bbox 373 2323 491 2382; x_wconf 88' lang='lat' dir='ltr'>vitium</span> <span class='ocrx_word' id='word_1_108' title='bbox 511 2325 668 2398; x_wconf 80' lang='lat' dir='ltr'>superest,</span> <span class='ocrx_word' id='word_1_109' title='bbox 690 2324 773 2396; x_wconf 89' lang='lat' dir='ltr'>quod</span> <span class='ocrx_word' id='word_1_110' title='bbox 793 2325 952 2395; x_wconf 89' lang='lat' dir='ltr'>quomodo</span> <span class='ocrx_word' id='word_1_111' title='bbox 971 2325 1042 2384; x_wconf 92' lang='grc'><strong>19111</strong></span> <span class='ocrx_word' id='word_1_112' title='bbox 1061 2326 1164 2398; x_wconf 90' lang='lat' dir='ltr'>possit</span> <span class='ocrx_word' id='word_1_113' title='bbox 1176 2341 1240 2384; x_wconf 90' lang='lat' dir='ltr'>non</span> <span class='ocrx_word' id='word_1_114' title='bbox 1252 2325 1345 2385; x_wconf 90' lang='lat' dir='ltr'>video</span> <span class='ocrx_word' id='word_1_115' title='bbox 1360 2343 1366 2384; x_wconf 94' lang='lat'>:</span> <span class='ocrx_word' id='word_1_116' title='bbox 1380 2329 1466 2385; x_wconf 89' lang='lat' dir='ltr'>recte</span> 
     </span>
     <span class='ocr_line' id='line_1_15' title="bbox 293 2429 1464 2524; baseline 0.004 -30"><span class='ocrx_word' id='word_1_117' title='bbox 293 2437 380 2496; x_wconf 90' lang='lat' dir='ltr'>enim</span> <span class='ocrx_word' id='word_1_118' title='bbox 404 2436 467 2495; x_wconf 90' lang='lat' dir='ltr'>dici</span> <span class='ocrx_word' id='word_1_119' title='bbox 488 2432 675 2514; x_wconf 81' lang='grc' dir='ltr'><strong><em>κεκρυμμένα</em></strong></span> <span class='ocrx_word' id='word_1_120' title='bbox 699 2429 749 2494; x_wconf 76' lang='grc' dir='ltr'>ἀπ’</span> <span class='ocrx_word' id='word_1_121' title='bbox 777 2432 1464 2524; x_wconf 52' lang='grc'><strong>1111911991199119191111991999119111111.</strong></span> 
     </span>
    </p>
   </div>
   <div class='ocr_carea' id='block_1_5' title="bbox 242 2644 1464 2738">
    <p class='ocr_par' dir='ltr' id='par_1_5' title="bbox 242 2644 1464 2738">
     <span class='ocr_line' id='line_1_16' title="bbox 242 2644 1464 2738; baseline 0.005 -20"><span class='ocrx_word' id='word_1_122' title='bbox 242 2644 245 2648; x_wconf 41' lang='lat'>¹</span> <span class='ocrx_word' id='word_1_123' title='bbox 339 2660 399 2718; x_wconf 82' lang='lat'>131</span> <span class='ocrx_word' id='word_1_124' title='bbox 425 2674 472 2733; x_wconf 92' lang='lat' dir='ltr'>sq.</span> <span class='ocrx_word' id='word_1_125' title='bbox 497 2661 543 2718; x_wconf 91' lang='lat' dir='ltr'>Ne</span> <span class='ocrx_word' id='word_1_126' title='bbox 566 2661 665 2719; x_wconf 88' lang='lat' dir='ltr'>nimis</span> <span class='ocrx_word' id='word_1_127' title='bbox 689 2661 751 2720; x_wconf 91' lang='grc'><strong>9119</strong></span> <span class='ocrx_word' id='word_1_128' title='bbox 775 2661 908 2720; x_wconf 90' lang='lat' dir='ltr'>nuntius</span> <span class='ocrx_word' id='word_1_129' title='bbox 932 2661 970 2720; x_wconf 92' lang='lat' dir='ltr'>de</span> <span class='ocrx_word' id='word_1_130' title='bbox 991 2663 1105 2722; x_wconf 89' lang='lat' dir='ltr'>occisis</span> <span class='ocrx_word' id='word_1_131' title='bbox 1123 2665 1228 2737; x_wconf 87' lang='lat' dir='ltr'>procis</span> <span class='ocrx_word' id='word_1_132' title='bbox 1248 2681 1304 2738; x_wconf 92' lang='lat' dir='ltr'>per</span> <span class='ocrx_word' id='word_1_133' title='bbox 1323 2665 1464 2725; x_wconf 89' lang='lat' dir='ltr'>insulam</span> 
     </span>
    </p>
   </div>
   <div class='ocr_carea' id='block_1_6' title="bbox 195 2757 1465 2851">
    <p class='ocr_par' dir='ltr' id='par_1_6' title="bbox 195 2757 1465 2851">
     <span class='ocr_line' id='line_1_17' title="bbox 195 2757 1465 2851; baseline 0.009 -25"><span class='ocrx_word' id='word_1_134' title='bbox 195 2818 198 2826; x_wconf 91' lang='lat'><em>.</em></span> <span class='ocrx_word' id='word_1_135' title='bbox 291 2757 471 2848; x_wconf 85' lang='lat' dir='ltr'>spargatur,</span> <span class='ocrx_word' id='word_1_136' title='bbox 493 2771 697 2832; x_wconf 84' lang='lat' dir='ltr'>efficiendum</span> <span class='ocrx_word' id='word_1_137' title='bbox 717 2789 789 2832; x_wconf 90' lang='lat' dir='ltr'>esse</span> <span class='ocrx_word' id='word_1_138' title='bbox 808 2775 845 2833; x_wconf 91' lang='lat' dir='ltr'>ut</span> <span class='ocrx_word' id='word_1_139' title='bbox 863 2777 1106 2847; x_wconf 91' lang='lat' dir='ltr'>praetereuntes</span> <span class='ocrx_word' id='word_1_140' title='bbox 1127 2779 1159 2836; x_wconf 95' lang='lat' dir='ltr'>et</span> <span class='ocrx_word' id='word_1_141' title='bbox 1171 2793 1268 2851; x_wconf 93' lang='lat' dir='ltr'>prope</span> <span class='ocrx_word' id='word_1_142' title='bbox 1280 2778 1465 2838; x_wconf 78' lang='lat' dir='ltr'>habitantes</span> 
     </span>
    </p>
   </div>
   <div class='ocr_carea' id='block_1_7' title="bbox 243 2887 1465 3987">
    <p class='ocr_par' dir='ltr' id='par_1_7' title="bbox 243 2887 1464 3312">
     <span class='ocr_line' id='line_1_18' title="bbox 291 2887 1464 2966; baseline 0.004 -20"><span class='ocrx_word' id='word_1_143' title='bbox 291 2887 422 2961; x_wconf 86' lang='lat' dir='ltr'>nuptias</span> <span class='ocrx_word' id='word_1_144' title='bbox 459 2888 492 2946; x_wconf 88' lang='lat' dir='ltr'>in</span> <span class='ocrx_word' id='word_1_145' title='bbox 527 2887 658 2946; x_wconf 89' lang='lat' dir='ltr'>aedibus</span> <span class='ocrx_word' id='word_1_146' title='bbox 692 2888 791 2961; x_wconf 84' lang='lat' dir='ltr'>regiis</span> <span class='ocrx_word' id='word_1_147' title='bbox 826 2889 979 2948; x_wconf 90' lang='lat' dir='ltr'>celebrari</span> <span class='ocrx_word' id='word_1_148' title='bbox 1013 2891 1153 2966; x_wconf 92' lang='lat' dir='ltr'>credant,</span> <span class='ocrx_word' id='word_1_149' title='bbox 1190 2891 1327 2964; x_wconf 89' lang='lat' dir='ltr'>Ulysses</span> <span class='ocrx_word' id='word_1_150' title='bbox 1361 2891 1464 2951; x_wconf 88' lang='lat' dir='ltr'>filiurn</span> 
     </span>
     <span class='ocr_line' id='line_1_19' title="bbox 243 3001 627 3080; baseline 0.005 -21"><span class='ocrx_word' id='word_1_151' title='bbox 243 3074 247 3080; x_wconf 26' lang='grc' dir='ltr'>Ι</span> <span class='ocrx_word' id='word_1_152' title='bbox 292 3001 393 3061; x_wconf 88' lang='lat' dir='ltr'>docet.</span> <span class='ocrx_word' id='word_1_153' title='bbox 419 3001 511 3060; x_wconf 89' lang='lat' dir='ltr'>Iubet</span> <span class='ocrx_word' id='word_1_154' title='bbox 535 3017 627 3075; x_wconf 88' lang='lat' dir='ltr'>ergo:</span> 
     </span>
     <span class='ocr_line' id='line_1_20' title="bbox 468 3109 1343 3196; baseline 0.005 -24"><span class='ocrx_word' id='word_1_155' title='bbox 468 3122 570 3192; x_wconf 81' lang='grc' dir='ltr'><strong><em>πρῶτα</em></strong></span> <span class='ocrx_word' id='word_1_156' title='bbox 592 3109 646 3192; x_wconf 84' lang='grc' dir='ltr'>μὲν</span> <span class='ocrx_word' id='word_1_157' title='bbox 670 3111 707 3193; x_wconf 80' lang='grc' dir='ltr'>ὄλρ</span> <span class='ocrx_word' id='word_1_158' title='bbox 730 3115 880 3175; x_wconf 79' lang='grc' dir='ltr'><strong><em>λούσασθε</em></strong></span> <span class='ocrx_word' id='word_1_159' title='bbox 903 3114 953 3176; x_wconf 85' lang='grc' dir='ltr'>καὶ</span> <span class='ocrx_word' id='word_1_160' title='bbox 976 3113 1187 3193; x_wconf 64' lang='grc' dir='ltr'><strong><em>ἀμφιέέσασθε</em></strong></span> <span class='ocrx_word' id='word_1_161' title='bbox 1209 3125 1343 3196; x_wconf 82' lang='grc' dir='ltr'><strong><em>χιτῶνας,</em></strong></span> 
     </span>
     <span class='ocr_line' id='line_1_21' title="bbox 470 3222 1326 3312; baseline 0.005 -26"><span class='ocrx_word' id='word_1_162' title='bbox 470 3225 571 3312; x_wconf 78' lang='grc' dir='ltr'><strong><em>δμῳὰς</em></strong></span> <span class='ocrx_word' id='word_1_163' title='bbox 595 3222 624 3287; x_wconf 79' lang='grc' dir='ltr'>δ’</span> <span class='ocrx_word' id='word_1_164' title='bbox 650 3225 682 3286; x_wconf 77' lang='grc' dir='ltr'>ἐν</span> <span class='ocrx_word' id='word_1_165' title='bbox 705 3228 875 3308; x_wconf 81' lang='grc' dir='ltr'><strong><em>μεγάροισιν</em></strong></span> <span class='ocrx_word' id='word_1_166' title='bbox 899 3226 1024 3309; x_wconf 77' lang='grc' dir='ltr'><strong><em>ἀνώγετε</em></strong></span> <span class='ocrx_word' id='word_1_167' title='bbox 1046 3225 1172 3307; x_wconf 61' lang='grc' dir='ltr'><strong><em>έείμαθ</em></strong></span> <span class='ocrx_word' id='word_1_168' title='bbox 1199 3227 1326 3290; x_wconf 80' lang='grc' dir='ltr'><strong><em>ἑλέσθαι.</em></strong></span> 
     </span>
    </p>

    <p class='ocr_par' dir='ltr' id='par_1_8' title="bbox 290 3343 1465 3987">
     <span class='ocr_line' id='line_1_22' title="bbox 336 3343 1465 3421; baseline 0.003 -20"><span class='ocrx_word' id='word_1_169' title='bbox 336 3343 427 3402; x_wconf 89' lang='grc'><strong>119119</strong></span> <span class='ocrx_word' id='word_1_170' title='bbox 458 3345 548 3402; x_wconf 88' lang='lat' dir='ltr'>vero!</span> <span class='ocrx_word' id='word_1_171' title='bbox 581 3343 671 3402; x_wconf 89' lang='lat' dir='ltr'>Haec</span> <span class='ocrx_word' id='word_1_172' title='bbox 701 3359 775 3417; x_wconf 85' lang='lat' dir='ltr'>ergo</span> <span class='ocrx_word' id='word_1_173' title='bbox 806 3343 869 3402; x_wconf 91' lang='lat' dir='ltr'>nisi</span> <span class='ocrx_word' id='word_1_174' title='bbox 900 3343 1050 3404; x_wconf 88' lang='lat' dir='ltr'>iussisset</span> <span class='ocrx_word' id='word_1_175' title='bbox 1080 3344 1226 3421; x_wconf 86' lang='lat' dir='ltr'>Ulysses,</span> <span class='ocrx_word' id='word_1_176' title='bbox 1252 3344 1465 3406; x_wconf 84' lang='lat' dir='ltr'>Telemachus</span> 
     </span>
     <span class='ocr_line' id='line_1_23' title="bbox 291 3454 1463 3535; baseline 0.004 -21"><span class='ocrx_word' id='word_1_177' title='bbox 291 3457 433 3530; x_wconf 88' lang='lat' dir='ltr'>sociique</span> <span class='ocrx_word' id='word_1_178' title='bbox 453 3454 524 3515; x_wconf 77' lang='lat' dir='ltr'>doru</span> <span class='ocrx_word' id='word_1_179' title='bbox 544 3455 674 3534; x_wconf 81' lang='grc' dir='ltr'><strong><em>χιτώνων</em></strong></span> <span class='ocrx_word' id='word_1_180' title='bbox 687 3459 866 3532; x_wconf 85' lang='grc'><strong>1119991991,</strong></span> <span class='ocrx_word' id='word_1_181' title='bbox 881 3458 1088 3534; x_wconf 85' lang='lat' dir='ltr'>ancillaeque,</span> <span class='ocrx_word' id='word_1_182' title='bbox 1102 3459 1311 3532; x_wconf 88' lang='lat' dir='ltr'>permittente</span> <span class='ocrx_word' id='word_1_183' title='bbox 1324 3460 1463 3535; x_wconf 87' lang='lat' dir='ltr'>domino,</span> 
     </span>
     <span class='ocr_line' id='line_1_24' title="bbox 291 3569 1464 3647; baseline 0.005 -20"><span class='ocrx_word' id='word_1_184' title='bbox 291 3569 395 3629; x_wconf 90' lang='lat' dir='ltr'>nudae</span> <span class='ocrx_word' id='word_1_185' title='bbox 429 3572 467 3630; x_wconf 90' lang='lat' dir='ltr'>de</span> <span class='ocrx_word' id='word_1_186' title='bbox 501 3570 616 3631; x_wconf 90' lang='lat' dir='ltr'>balneo</span> <span class='ocrx_word' id='word_1_187' title='bbox 650 3587 706 3645; x_wconf 92' lang='lat' dir='ltr'>per</span> <span class='ocrx_word' id='word_1_188' title='bbox 738 3572 833 3630; x_wconf 92' lang='lat' dir='ltr'>aedes</span> <span class='ocrx_word' id='word_1_189' title='bbox 864 3572 1092 3631; x_wconf 88' lang='lat' dir='ltr'>ambularent?</span> <span class='ocrx_word' id='word_1_190' title='bbox 1123 3573 1189 3631; x_wconf 84' lang='lat' dir='ltr'>Aut</span> <span class='ocrx_word' id='word_1_191' title='bbox 1220 3573 1464 3647; x_wconf 89' lang='lat' dir='ltr'>imperitissimo</span> 
     </span>
     <span class='ocr_line' id='line_1_25' title="bbox 291 3684 1465 3761; baseline 0.003 -19"><span class='ocrx_word' id='word_1_192' title='bbox 291 3685 404 3756; x_wconf 78' lang='lat' dir='ltr'>poetae</span> <span class='ocrx_word' id='word_1_193' title='bbox 428 3686 516 3743; x_wconf 91' lang='lat' dir='ltr'>totus</span> <span class='ocrx_word' id='word_1_194' title='bbox 536 3685 588 3744; x_wconf 89' lang='lat' dir='ltr'>hic</span> <span class='ocrx_word' id='word_1_195' title='bbox 608 3685 697 3745; x_wconf 89' lang='lat' dir='ltr'>locus</span> <span class='ocrx_word' id='word_1_196' title='bbox 717 3684 850 3744; x_wconf 92' lang='lat' dir='ltr'>debetur</span> <span class='ocrx_word' id='word_1_197' title='bbox 870 3687 927 3744; x_wconf 89' lang='lat' dir='ltr'>aut</span> <span class='ocrx_word' id='word_1_198' title='bbox 946 3686 1052 3759; x_wconf 90' lang='lat' dir='ltr'>aliquo</span> <span class='ocrx_word' id='word_1_199' title='bbox 1073 3686 1247 3746; x_wconf 82' lang='lat' dir='ltr'>infortunio</span> <span class='ocrx_word' id='word_1_200' title='bbox 1267 3687 1363 3761; x_wconf 89' lang='lat' dir='ltr'>periit</span> <span class='ocrx_word' id='word_1_201' title='bbox 1382 3689 1465 3761; x_wconf 91' lang='lat' dir='ltr'>quod</span> 
     </span>
     <span class='ocr_line' id='line_1_26' title="bbox 291 3797 1465 3870; baseline 0.003 -15"><span class='ocrx_word' id='word_1_202' title='bbox 291 3797 483 3870; x_wconf 88' lang='lat' dir='ltr'>primarium</span> <span class='ocrx_word' id='word_1_203' title='bbox 518 3801 596 3858; x_wconf 88' lang='lat' dir='ltr'>erat.</span> <span class='ocrx_word' id='word_1_204' title='bbox 632 3798 702 3857; x_wconf 87' lang='lat' dir='ltr'>Non</span> <span class='ocrx_word' id='word_1_205' title='bbox 734 3799 821 3857; x_wconf 90' lang='lat' dir='ltr'>enim</span> <span class='ocrx_word' id='word_1_206' title='bbox 853 3800 1079 3858; x_wconf 89' lang='lat' dir='ltr'>tantummodo</span> <span class='ocrx_word' id='word_1_207' title='bbox 1110 3802 1257 3858; x_wconf 91' lang='lat' dir='ltr'>vestes</span> <span class='ocrx_word' id='word_1_208' title='bbox 1287 3801 1465 3859; x_wconf 87' lang='lat' dir='ltr'>sumendae</span> 
     </span>
     <span class='ocr_line' id='line_1_27' title="bbox 290 3913 1441 3987; baseline 0.003 -17"><span class='ocrx_word' id='word_1_209' title='bbox 290 3914 376 3987; x_wconf 86' lang='lat' dir='ltr'>sunt,</span> <span class='ocrx_word' id='word_1_210' title='bbox 401 3913 457 3971; x_wconf 92' lang='lat' dir='ltr'>sed</span> <span class='ocrx_word' id='word_1_211' title='bbox 480 3913 554 3970; x_wconf 91' lang='lat' dir='ltr'>illae</span> <span class='ocrx_word' id='word_1_212' title='bbox 579 3914 687 3971; x_wconf 88' lang='lat' dir='ltr'>vestes</span> <span class='ocrx_word' id='word_1_213' title='bbox 710 3913 826 3985; x_wconf 91' lang='lat' dir='ltr'>quibus</span> <span class='ocrx_word' id='word_1_214' title='bbox 849 3914 993 3985; x_wconf 90' lang='lat' dir='ltr'>tempore</span> <span class='ocrx_word' id='word_1_215' title='bbox 1017 3914 1100 3972; x_wconf 85' lang='lat' dir='ltr'>festo</span> <span class='ocrx_word' id='word_1_216' title='bbox 1125 3913 1171 3972; x_wconf 90' lang='lat' dir='ltr'>uti</span> <span class='ocrx_word' id='word_1_217' title='bbox 1195 3918 1441 3974; x_wconf 85' lang='lat' dir='ltr'>consueverunt.</span> 
     </span>
    </p>
   </div>
   <div class='ocr_carea' id='block_1_8' title="bbox 291 4136 1464 4559">
    <p class='ocr_par' dir='ltr' id='par_1_9' title="bbox 291 4136 1464 4559">
     <span class='ocr_line' id='line_1_28' title="bbox 337 4136 1464 4211; baseline 0.001 -15"><span class='ocrx_word' id='word_1_218' title='bbox 337 4139 399 4197; x_wconf 88' lang='grc'>166</span> <span class='ocrx_word' id='word_1_219' title='bbox 420 4153 488 4210; x_wconf 85' lang='lat' dir='ltr'>sqq.</span> <span class='ocrx_word' id='word_1_220' title='bbox 509 4137 654 4196; x_wconf 86' lang='lat' dir='ltr'>Uxorem</span> <span class='ocrx_word' id='word_1_221' title='bbox 674 4137 846 4195; x_wconf 91' lang='lat' dir='ltr'>adversum</span> <span class='ocrx_word' id='word_1_222' title='bbox 859 4136 1027 4196; x_wconf 87' lang='lat' dir='ltr'>sedentem</span> <span class='ocrx_word' id='word_1_223' title='bbox 1040 4153 1143 4211; x_wconf 88' lang='lat' dir='ltr'>neque</span> <span class='ocrx_word' id='word_1_224' title='bbox 1155 4154 1190 4197; x_wconf 90' lang='grc'>99</span> <span class='ocrx_word' id='word_1_225' title='bbox 1203 4141 1464 4197; x_wconf 88' lang='lat' dir='ltr'>commoventem</span> 
     </span>
     <span class='ocr_line' id='line_1_29' title="bbox 291 4248 713 4324; baseline 0.007 -16"><span class='ocrx_word' id='word_1_226' title='bbox 291 4251 338 4310; x_wconf 91' lang='lat' dir='ltr'>sic</span> <span class='ocrx_word' id='word_1_227' title='bbox 360 4248 499 4324; x_wconf 88' lang='lat' dir='ltr'>Ulysses</span> <span class='ocrx_word' id='word_1_228' title='bbox 523 4251 713 4324; x_wconf 87' lang='lat' dir='ltr'>alloquitur:</span> 
     </span>
     <span class='ocr_line' id='line_1_30' title="bbox 492 4361 1243 4444; baseline 0.001 -21"><span class='ocrx_word' id='word_1_229' title='bbox 492 4363 642 4443; x_wconf 84' lang='grc' dir='ltr'><strong><em>δαιμονίη,</em></strong></span> <span class='ocrx_word' id='word_1_230' title='bbox 663 4361 729 4443; x_wconf 81' lang='grc' dir='ltr'><strong><em>ντερλ</em></strong></span> <span class='ocrx_word' id='word_1_231' title='bbox 752 4363 801 4422; x_wconf 90' lang='grc' dir='ltr'>σοί</span> <span class='ocrx_word' id='word_1_232' title='bbox 822 4385 854 4443; x_wconf 82' lang='grc' dir='ltr'>γε</span> <span class='ocrx_word' id='word_1_233' title='bbox 876 4372 1027 4442; x_wconf 72' lang='grc' dir='ltr'><strong><em>γυναικῶν</em></strong></span> <span class='ocrx_word' id='word_1_234' title='bbox 1050 4365 1243 4444; x_wconf 75' lang='grc' dir='ltr'><strong><em>θηλυτεράων</em></strong></span> 
     </span>
     <span class='ocr_line' id='line_1_31' title="bbox 489 4472 1320 4559; baseline 0.004 -22"><span class='ocrx_word' id='word_1_235' title='bbox 489 4487 545 4558; x_wconf 82' lang='grc' dir='ltr'>κῆρ</span> <span class='ocrx_word' id='word_1_236' title='bbox 569 4476 734 4558; x_wconf 79' lang='grc' dir='ltr'><strong><em>ἀτέραμνον</em></strong></span> <span class='ocrx_word' id='word_1_237' title='bbox 757 4476 873 4557; x_wconf 81' lang='grc' dir='ltr'><strong><em>έθηκαν</em></strong></span> <span class='ocrx_word' id='word_1_238' title='bbox 892 4472 1037 4555; x_wconf 84' lang='grc' dir='ltr'><strong><em>Ὀλύμττια</em></strong></span> <span class='ocrx_word' id='word_1_239' title='bbox 1063 4474 1173 4556; x_wconf 78' lang='grc' dir='ltr'><strong><em>δώματ’</em></strong></span> <span class='ocrx_word' id='word_1_240' title='bbox 1200 4479 1320 4559; x_wconf 75' lang='grc' dir='ltr'><strong><em>ἔχοντες.</em></strong></span> 
     </span>
    </p>
   </div>
   <div class='ocr_carea' id='block_1_9' title="bbox 0 0 1660 5262">
    <p class='ocr_par' dir='ltr' id='par_1_10' title="bbox 0 0 1660 5262">
     <span class='ocr_line' id='line_1_32' title="bbox 0 0 1660 5262; baseline 0 1"><span class='ocrx_word' id='word_1_241' title='bbox 0 0 1660 5262; x_wconf 95' lang='lat' dir='ltr'> </span> 
     </span>
    </p>
   </div>
  </div>
 </body>
</html>
