3270 5262
835 633 877 692 42

269 821 406 896 videtur,
433 822 506 894 quia
529 822 645 881 horum
669 821 748 880 nihil
772 824 858 880 recte
882 823 1090 894 sequentibus
1111 818 1172 879 ἐπεὶ
1192 819 1288 878 οὐκέτι
1306 815 1439 893 ’φαίνετο

269 934 373 1010 πομπή
398 936 575 1009 opponitur.
602 936 661 994 Sed
687 936 732 994 ita
756 935 891 995 obscura
914 937 1013 995 verba
1032 937 1187 995 vertenda
1210 937 1286 994 sunt
1305 937 1342 994 ut
1361 935 1441 993 haec

270 1051 336 1109 iere
360 1051 477 1120 evadat
499 1051 677 1109 sententia:
706 1051 845 1124 ,nostris
869 1051 931 1125 ipsi
954 1051 1108 1110 viribus''
1132 1051 1216 1109 Tum
1239 1063 1371 1108 versus:

445 1157 562 1242 ’τείρετο
587 1157 616 1221 δ’
643 1160 762 1240 ἀνδρῶν
785 1161 884 1240 θυμὸς
908 1159 960 1222 ὑπ’
987 1163 1110 1240 εἰρεσίης
1134 1160 1283 1242 ἀλεγεινῆς

270 1278 303 1335 in
333 1277 519 1350 parenthesi
549 1278 610 1336 erit
639 1278 803 1353 legendus,
836 1278 1058 1351 iungendaque
1085 1278 1169 1336 inter
1193 1291 1228 1336 se
1247 1269 1384 1351 ’πλέομεν
1409 1276 1442 1334 et

270 1386 393 1473 ἡμετέρῃ
417 1390 513 1473 ματίῃ.

318 1619 379 1677 109
404 1635 450 1692 sq.
474 1620 524 1678 Ad
548 1620 805 1702 Laestrygonum
824 1621 947 1679 terram
967 1613 1020 1680 ubi
1040 1621 1163 1695 appulit
1182 1621 1318 1694 Ulysses
1337 1617 1442 1692 explo-

271 1734 395 1793 ratores
419 1735 576 1807 quosdam
599 1735 789 1808 praemittit.
815 1734 935 1808 Quibus
959 1734 1088 1794 obviarn
1111 1732 1149 1793 fit
1172 1735 1257 1808 regis
1280 1733 1363 1792 filia:

449 1848 479 1907 οἳ
501 1843 532 1906 δὲ
554 1847 766 1927 παριστάμενοι
788 1848 999 1927 προσεφώνεον
1023 1845 1054 1906 ἔτι
1077 1843 1100 1906 τ’
1128 1845 1253 1926 ἐρέοντο,

449 1959 481 2031 ὅς
505 1984 546 2032 τις
569 1955 657 2020 τῶνδ’
684 1961 728 2037 εἴη
752 1961 888 2039 βασιλεὺς
911 1959 961 2020 καὶ
983 1966 1057 2021 τοῖσι
1080 1960 1236 2020 ἀανάσσοι.

316 2075 496 2136 Aristarchi
526 2076 621 2136 lectio
645 2078 695 2135 est
718 2072 768 2133 καὶ
790 2080 883 2134 τοῖσιν
907 2073 1048 2134 ἀνάσσοι;
1077 2077 1110 2135 in
1134 2075 1295 2136 codicibus
1319 2076 1371 2134 est
1394 2068 1444 2130 καὶ

272 2181 348 2248 οἷσιν
377 2191 410 2248 et
433 2183 480 2265 ἠδ’
508 2181 584 2247 οἷσιν
607 2185 742 2264 ἀνάσσοι,
764 2189 820 2248 sed
844 2189 924 2248 nihil
947 2192 1064 2250 horum
1087 2190 1166 2249 viris
1190 2189 1294 2249 doctis
1316 2186 1443 2262 probari

272 2303 386 2378 potuit,
408 2317 520 2377 neque,
540 2303 578 2361 ut
597 2303 717 2377 opinor,
738 2302 924 2376 probabitur
943 2318 1087 2376 unquam
1106 2305 1193 2362 recte
1209 2301 1443 2377 reputantibus.

273 2418 362 2492 Quod
382 2419 492 2477 autern
512 2432 571 2476 vos
590 2417 777 2491 proponitis
798 2413 847 2474 καὶ
866 2416 935 2498 τῇδε
954 2415 1101 2475 ἀανάσσοι
1113 2417 1163 2476 vei
1177 2420 1272 2475 λαοῖσι
1284 2414 1446 2474 ἀσιάσσων

273 2532 441 2591 verbosius
476 2547 573 2605 quam
608 2546 664 2604 pro
699 2545 733 2590 re
767 2530 904 2590 videtur.
939 2525 985 2589 De
1020 2527 1108 2588 τέοισι
1142 2546 1219 2591 vero
1253 2531 1305 2590 vel
1341 2525 1448 2589 ὁτέοισι

274 2644 454 2704 invehendo
485 2659 525 2702 ne
558 2645 661 2717 cogito
685 2643 833 2717 quidem:
857 2659 960 2716 neque
985 2645 1072 2703 enirn
1095 2644 1177 2702 mihi
1201 2645 1360 2717 synizesis
1384 2644 1449 2702 ista

274 2759 380 2833 piacet
410 2773 513 2830 neque
544 2757 706 2816 sententia
737 2773 818 2830 quae
849 2759 895 2816 sic
924 2758 1078 2817 nascitur.
1103 2758 1187 2817 Nam
1212 2757 1293 2816 scire
1317 2757 1448 2831 quidem

274 2873 404 2946 Ulyssis
424 2843 560 2931 comites
579 2873 693 2931 volunt
713 2873 817 2946 qualis
837 2874 880 2931 sit
899 2874 1035 2946 populus
1056 2873 1095 2932 ad
1115 2888 1212 2945 quem
1232 2871 1447 2946 pervenerint,

275 2987 332 3046 sed
363 3002 426 3045 non
457 2986 546 3045 illam
578 2988 639 3046 hoc
670 2989 786 3060 rogant
809 3003 907 3061 quarn
931 2988 1070 3060 primam
1094 2987 1214 3045 habent
1237 2985 1383 3044 obviam:
1410 2984 1448 3043 ab

276 3101 340 3176 illa,
369 3101 403 3158 ni
425 3100 528 3176 failor,
553 3102 639 3175 regis
663 3101 724 3160 sibi
748 3101 924 3161 monstrari
947 3102 1081 3161 domum
1105 3101 1254 3174 cupiunt3
1283 3098 1338 3158 ilio
1362 3097 1451 3158 enim

277 3216 414 3290 cognito,
436 3215 554 3289 illoque
573 3216 613 3274 iis
633 3216 718 3275 iacto
738 3216 852 3290 amico,
874 3217 981 3274 cetera
1001 3215 1110 3274 omnia
1130 3215 1244 3288 sponte
1264 3214 1449 3287 sequentur.

277 3332 400 3405 Regem
435 3346 509 3404 ergo
545 3332 712 3406 quaemnt,
749 3331 805 3390 sed
840 3330 961 3389 addunt
996 3363 1037 3372 -
1072 3329 1172 3403 quid?
1204 3328 1284 3403 Quid
1315 3327 1452 3402 possunt

278 3445 394 3504 addere
417 3445 450 3503 in
474 3459 512 3504 ea
531 3444 670 3520 regione,
691 3445 746 3503 ubi
765 3458 869 3518 neque
889 3445 1037 3503 armenta
1056 3442 1236 3518 pecudesve
1256 3457 1327 3502 esse
1348 3455 1451 3514 neque

275 3573 373 3632 agros
394 3557 454 3619 coli
474 3559 540 3617 iarn
561 3559 848 3632 cognoverimus.
870 3558 911 3617 98
932 3561 1001 3633 sd),
1024 3558 1140 3630 quidve
1160 3557 1327 3631 praeterea
1338 3569 1452 3629 rogare

278 3672 349 3748 viri,
371 3671 425 3746 qui
444 3672 539 3747 paulo
560 3674 635 3732 ante
655 3670 724 3743 τοὺς
740 3668 951 3749 ἀβασιλεύτους
964 3671 1105 3731 viderint
1118 3669 1309 3741 Κάκλωιιοςὶ)
1323 3668 1450 3743 Opinor,

279 3786 334 3859 qui
368 3802 529 3862 nusquam
564 3788 707 3847 aratores
742 3787 930 3861 pastoresve
965 3785 1173 3860 conspiciant,
1206 3785 1352 3844 metuere
1385 3782 1452 3841 iam

280 3900 438 3974 incipiunt
464 3916 504 3959 ne
536 3900 655 3960 iterum
686 3901 726 3959 ad
756 3900 860 3959 feram
891 3900 1054 3972 quandam
1085 3901 1216 3973 gentem
1240 3898 1307 3956 sint
1331 3894 1453 3970 delapsi

280 4014 360 4072 nulli
390 4016 467 4090 regi,
499 4014 580 4073 nulii
610 4014 673 4088 legi
703 4016 881 4088 parentem.
911 4012 987 4073 'Pale
1011 4014 1121 4072 autern
1145 4011 1322 4072 metuentis
1345 4009 1452 4068 huius-

282 4129 407 4188 cemodi
430 4143 502 4187 esse
526 4128 609 4188 solet
632 4127 751 4186 oratio:
779 4127 827 4202 ,si
850 4127 921 4202 quis
943 4126 996 4185 hic
1019 4141 1077 4185 rex
1101 4127 1160 4201 est,
1186 4124 1257 4198 quis
1280 4122 1334 4182 ille
1358 4123 1453 4182 est?’'

281 4244 373 4320 Ergo,
406 4256 604 4317 quamquam
635 4241 735 4301 verba
764 4256 829 4301 non
859 4242 997 4316 praesto,
1030 4239 1156 4298 dedisse
1181 4238 1300 4312 aliquid
1322 4239 1453 4312 poetam

284 4359 376 4417 credo
401 4358 434 4418 in
457 4357 541 4416 hano
563 4355 778 4438 sententiam:

462 4467 539 4543 ὅστις
561 4463 651 4530 τῶνδ’
677 4466 722 4548 εἴη
746 4465 893 4548 βασιλεύς,
915 4464 945 4528 εἴ
962 4464 1004 4537 τίς
1028 4463 1064 4546 ῥα
1087 4463 1243 4528 ἀννάσσοι.
