3270 5262
657 1461 911 1571 nrssun
956 1461 1061 1570 XI.

773 1747 962 1754 ————--——

324 1916 364 1974 97
390 1932 458 1990 sqq.
483 1918 621 1992 Ulysses
645 1919 683 1978 de
703 1934 762 1978 suo
783 1919 822 1978 ad
842 1918 961 1977 inferos
981 1918 1096 1978 itinere
1115 1932 1260 1993 narrans,
1281 1920 1454 1993 postquam

279 2028 421 2090 Tiresiae
462 2033 561 2091 verba
594 2034 706 2092 retulit
739 2033 902 2107 precantis
936 2047 976 2092 ne
1011 2047 1046 2090 se
1081 2031 1238 2105 sanguine
1273 2032 1454 2092 hostiarum

279 2145 411 2219 arceret,
437 2145 483 2204 ita
495 2147 626 2222 pergit:

412 2247 452 2328 ὧς
468 2251 545 2332 ’φάτ’
572 2275 578 2286 ·
602 2255 657 2337 ἐγὼ
682 2253 706 2316 δ’
722 2255 964 2336 ἀναχασσάμενος
988 2258 1073 2334 ξίφος
1097 2256 1284 2338 ἀργυρόηλον

412 2374 523 2453 κουλεῷ
548 2365 731 2451 ἐγκατέπηξ’.
755 2367 771 2431 ὃ
797 2366 822 2431 δ’
839 2369 901 2431 ἐπεὶ
919 2366 998 2430 ’πίεν
1022 2365 1095 2448 αἷμα
1118 2370 1265 2448 κελαινὸν,

412 2481 461 2542 καὶ
483 2483 545 2544 τότε
570 2484 607 2560 δή
632 2507 666 2561 με
689 2485 813 2544 λέπεσσι
836 2485 993 2562 προσηύδα
1018 2483 1120 2561 μάντις
1144 2482 1279 2562 ἀμύμων.

324 2597 409 2656 Sana
439 2597 518 2658 haeo
549 2615 620 2658 esse
647 2615 711 2659 non
735 2599 828 2658 oredo
852 2599 909 2658 sed
934 2600 991 2658 aut
1015 2601 1090 2658 ante
1113 2614 1162 2659 vs.
1187 2600 1228 2657 99
1253 2598 1457 2658 intercidisse

279 2725 421 2787 versum,
447 2714 504 2772 aut
527 2713 560 2772 in
583 2710 632 2770 καὶ
654 2713 716 2772 τότε
742 2713 779 2788 δή
802 2714 875 2773 vitii
898 2714 999 2772 latere
1024 2713 1153 2786 aliquid.

325 2915 510 2975 aaa-259.
543 2916 629 2990 Quae
656 2918 695 2976 de
719 2917 802 2991 uyro
827 2918 999 2976 narrantur
1023 2933 1087 2976 non
1110 2917 1254 2991 expedio.
1279 2916 1458 2977 Dicebat

280 3030 335 3088 illa
355 3045 390 3088 se
414 3029 542 3090 Orethei
565 3047 636 3091 esse
660 3047 796 3092 uxorem
820 3036 878 3101 (ve.
905 3033 990 3103 237).
1015 3031 1127 3090 Νο1111ο
1147 3046 1222 3105 ergo
1243 3045 1356 3090 verum
1378 3030 1457 3089 iilud

280 3145 373 3203 erat?
405 3144 465 3203 Sed
497 3145 629 3205 amabat
658 3146 824 3221 Enipeum,
858 3147 897 3205 ad
929 3145 1021 3204 ouius
1053 3145 1189 3205 fluvium
1213 3159 1309 3218 saepe
1333 3145 1458 3204 solebat

189 3309 191 3312 .
280 3259 336 3317 ire.
368 3258 479 3331 Enipei
513 3262 624 3318 autern
654 3260 760 3333 speeie
792 3275 865 3319 eam
896 3260 1065 3334 Neptunus
1098 3258 1299 3334 compressit,
1326 3258 1378 3317 cui
1401 3258 1458 3317 ilia

279 3371 403 3431 Peliam
423 3372 622 3446 Neleumque
641 3373 773 3447 peperit.
795 3373 966 3432 Praeterea
985 3374 1053 3431 tres
1072 3373 1196 3446 peperit
1213 3370 1297 3432 filios
1310 3371 1456 3432 Cretheo.

281 3486 368 3560 Quae
391 3501 466 3559 ergo
489 3487 542 3546 hic
565 3488 642 3546 sunt
664 3486 774 3560 Enipei
798 3488 916 3562 partes,
943 3487 1034 3546 ouius
1057 3487 1164 3560 specie
1188 3501 1267 3545 usus
1287 3486 1457 3560 Neptunus

280 3600 368 3659 nullo
399 3600 527 3675 negotio
558 3616 614 3674 pro
645 3616 745 3659 uxore
780 3615 853 3660 earn
883 3600 1020 3659 habuit?
1051 3598 1165 3659 Mutila
1189 3602 1248 3674 est,
1274 3602 1311 3659 ut
1335 3600 1456 3674 opinor,

281 3714 434 3774 narratio.

327 3915 388 3974 271
418 3930 486 3988 sqq.
533 3909 643 3992 μητέρα
666 3908 691 3971 τ’
720 3908 874 3974 Οἰδιπόὸά
901 3911 1016 3990 ἕλιδον,
1039 3910 1133 3989 καλὴν
1152 3905 1346 3990 Ἐπικάστην,

536 4023 556 4104 ἣ
581 4023 654 4107 μέγα
677 4023 789 4106 άέρμον
812 4025 909 4107 ἔρεξεν
933 4024 1106 4106 άάιὸριίηφι
1128 4024 1212 4086 νόοιο

537 4136 693 4220 γημαμένη
716 4142 763 4224 up
786 4133 838 4201 υἷι·
864 4137 880 4200 ὃ
905 4136 937 4200 δὲ
959 4138 1019 4200 fou
1042 4135 1138 4219 πατέρ’
1166 4137 1332 4218 ἐξεναρίξας

534 4249 648 4334 ’γῆμεν
672 4250 754 4333 ἀφαρ
780 4250 808 4314 δ’
837 4252 993 4314 ἀνάπυστα
1016 4251 1084 4313 θεοὶ
1104 4248 1212 4313 ’θέσαν
1235 4249 1432 4332 ἀνθρώποισι.

428 4371 491 4431 275
538 4363 596 4429 ἀλλ’
622 4363 639 4429 ὃ
663 4364 716 4446 μὲν
739 4366 771 4428 ἐν
797 4368 883 4453 Θήβη
906 4367 1083 4452 πολυηράτῳ
1107 4363 1197 4446 άλμεα
1219 4365 1341 4446 πάσχων

538 4481 699 4561 Καδμείων
723 4479 870 4544 &sevaque
894 4486 978 4545 θεῶν
1003 4478 1091 4557 ὀλοάς
1115 4478 1165 4542 διὰ
1187 4480 1306 4564 βουλάς.
