3270 5262
866 655 907 712 28

299 843 508 916 scriptoribus
538 843 704 916 110011οα110
732 841 861 901 Graecis
884 841 968 900 tanti
991 841 1053 900 fuit
1075 841 1112 899 ut
1135 840 1204 898 eius
1228 852 1326 897 causa
1349 836 1469 894 Graeco

300 956 442 1015 sermoni
476 957 545 1015 vim
578 957 730 1015 facerent.
762 955 831 1014 Hoc
862 957 973 1014 tamen
1003 954 1121 1013 vitium
1151 953 1265 1026 poetae
1295 949 1471 1010 obtrudunt

300 1068 453 1127 Kratzius
481 1069 641 1141 ceterique
661 1083 774 1128 omnes
798 1068 853 1141 qui
876 1069 990 1142 putent
1013 1066 1202 1140 pronomine
1226 1065 1277 1122 101
1300 1062 1353 1121 hic
1375 1062 1469 1135 Ulys-

300 1198 372 1241 sem
391 1181 566 1256 significari
584 1196 688 1255 posse.
709 1181 780 1240 Non
800 1182 887 1239 enim
906 1180 999 1239 salva
1018 1179 1172 1239 orationis
1188 1177 1351 1237 structura
1362 1175 1471 1234 iocum

300 1297 449 1356 nostrum
478 1294 572 1354 aliter
603 1310 700 1368 quarn
730 1295 778 1353 010
808 1293 1013 1368 interpretari
1038 1293 1130 1352 iicet:
1158 1307 1196 1366 ,0
1219 1290 1346 1350 utinam
1369 1289 1471 1347 talem

299 1408 452 1467 haberem
486 1409 651 1484 maritum,
687 1408 742 1480 qui
775 1407 828 1466 1110
862 1407 1023 1466 habitaret
1056 1406 1173 1478 quique
1204 1404 1386 1478 (postquam
1416 1416 1471 1460 me

299 1537 435 1581 uxorem
459 1522 616 1591 duxisset)
640 1521 693 1580 1110
715 1536 848 1580 manere
871 1520 1088 1580 decerneret.’'
1112 1517 1217 1576 Verba
1240 1533 1315 1591 ergo
1340 1516 1470 1591 Graeca,

300 1650 382 1708 quae
405 1651 490 1694 nunc
512 1635 672 1711 leguntur,
693 1635 787 1695 unice
806 1637 882 1709 apta
901 1637 978 1694 sunt
996 1634 1115 1708 virgini
1134 1633 1238 1708 alicui,
1260 1648 1341 1706 quae
1362 1647 1473 1691 amore

300 1749 388 1807 tacta
429 1749 582 1822 praefecti
616 1749 782 1823 copiarum
813 1749 1062 1823 maritimarum,
1095 1746 1142 1806 1111
1172 1761 1208 1806 00
1238 1747 1358 1806 nubere
1389 1745 1472 1804 10110

301 1862 450 1938 declaret,
485 1861 660 1922 dummodo
695 1863 832 1922 honesta
865 1862 1040 1936 impetrata
1073 1861 1229 1919 missione
1263 1860 1405 1932 aliquem
1440 1859 1473 1917 in

301 1976 380 2050 ipsis
409 1977 533 2050 patriae
563 1975 681 2035 finibus
712 1977 845 2050 incipiat
875 1977 1047 2049 quaestum
1074 1973 1218 2033 familiae
1241 1972 1474 2033 sustentandae

301 2089 469 2150 idoneum:
505 2106 621 2166 ,quern
652 2091 739 2149 enim
771 2106 843 2150 esse
870 2089 1021 2163 quamvis
1045 2088 1164 2162 egregii
1187 2087 1298 2146 mariti
1320 2086 1472 2160 fructum,

302 2204 356 2276 qui
387 2204 524 2264 vixdum
555 2203 725 2263 celebratis
756 2203 878 2277 nuptiis
908 2218 1027 2262 navem
1055 2203 1258 2277 conscendat,
1282 2201 1404 2260 beilum
1424 2216 1474 2273 ge·

302 2320 412 2377 sturus
436 2333 511 2377 011111
534 2317 649 2400 piratis
668 2319 852 2376 remotasve
872 2317 985 2389 gentes
1005 2314 1197 2374 subacturus
1206 2316 1242 2373 ?'‘
1263 2315 1303 2373 m
1322 2313 1475 2387 quoniam

302 2446 366 2489 non
398 2446 436 2490 ea
465 2431 527 2490 fuit
557 2430 742 2488 Phaeacum
771 2429 840 2488 vita
871 2430 907 2488 ut
937 2429 1081 2487 virorum
1112 2427 1215 2486 maior
1245 2442 1320 2500 pars
1343 2442 1475 2500 peregre

303 2545 445 2602 aetatem
469 2544 630 2618 degerent,
655 2543 831 2602 absurdum
854 2541 981 2600 videtur
1004 2541 1050 2599 ita
1073 2540 1259 2613 loquentem
1282 2540 1478 2599 Nausicaam

302 2656 461 2716 inducere.
487 2656 555 2731 Illa,
580 2656 657 2715 licet
680 2671 754 2715 eum
778 2670 843 2714 non
866 2655 1013 2714 nominet
1037 2654 1089 2713 101
1113 2655 1223 2728 aperte
1247 2651 1416 2728 significet,
1438 2654 1478 2712 de

302 2771 370 2830 0010
398 2771 517 2844 Ulysse
541 2771 677 2844 cogitat:
705 2770 759 2842 qui
783 2769 1041 2843 quandoquidem
1065 2784 1144 2828 non
1167 2769 1292 2828 habitat
1316 2769 1476 2843 Scheriae,

303 2883 343 2943 ad
362 2884 455 2943 illum
475 2899 539 2943 non
558 2883 664 2957 magis
684 2898 782 2955 quam
802 2883 842 2941 ad
862 2882 1046 2941 Phaeacum
1066 2897 1263 2956 quemquam
1283 2883 1481 2942 conveniunt

303 2997 417 3056 verba:

481 3105 591 3168 ἐνθάδε
614 3107 757 3168 ναιετάων
780 3108 833 3167 καί
852 3109 905 3168 for
928 3107 1019 3167 Ῐάδοι
1043 3106 1152 3168 αὐτόθι
1176 3106 1302 3184 μίμνειν.

349 3223 467 3297 Quodsi
490 3239 543 3282 me
566 3223 687 3297 rogetis
711 3223 786 3296 quid
809 3222 899 3297 mihi,
925 3222 980 3295 qui
1003 3223 1184 3282 ceterorum
1208 3223 1373 3296 opiniones
1396 3223 1479 3281 refu-

303 3339 373 3396 tare
396 3337 461 3395 sim
485 3339 629 3413 conatus,
654 3352 768 3395 verum
795 3337 948 3411 videatur,
975 3336 1041 3395 leni
1060 3337 1285 3396 emendatione
1305 3351 1385 3410 opus
1407 3352 1481 3396 esse

303 3452 524 3526 respondeam,
551 3467 613 3524 qua
635 3466 750 3510 1010110
774 3450 821 3509 010
844 3448 1036 3523 refingatur:

482 3561 592 3623 ἐνθάδε
614 3563 758 3622 ναιετάων
781 3559 801 3641 ἢ
825 3557 847 3646 ᾧ
870 3561 961 3621 idda
986 3560 1095 3622 αὐτόθι
1118 3562 1243 3640 μίμνειν.

350 3677 502 3737 Maritum
530 3678 634 3751 qualis
658 3680 708 3738 est
730 3678 868 3752 Ulysses
892 3677 953 3735 sibi
977 3679 1109 3750 exoptat
1132 3677 1308 3736 Nausicaa:
1333 3693 1374 3736 011
1398 3677 1479 3752 ipso-

305 3807 378 3851 rum
410 3791 594 3850 Phaeacum
624 3791 833 3865 potissimum
864 3805 1009 3849 numero
1043 3790 1104 3849 Sed
1135 3791 1288 3863 quoniam
1318 3791 1419 3850 talem
1447 3792 1481 3850 in

306 3905 412 3964 insuia
431 3920 491 3964 sua
510 3920 613 3978 neque
632 3905 714 3963 vidit
733 3920 877 3978 unquam
896 3919 999 3977 neque
1020 3919 1092 3962 0000
1112 3904 1220 3979 credit,
1243 3905 1357 3964 statim
1373 3905 1479 3963 addit:

308 4019 371 4094 ,sit
393 4018 471 4077 iicet
488 4019 684 4093 peregrinus,
706 4018 880 4077 dummodo
900 4017 953 4075 hic
972 4018 1135 4076 maneat.”
1156 4017 1240 4076 Nam
1261 4019 1292 4077 01
1311 4018 1480 4091 peregrino

306 4134 338 4190 01
365 4148 444 4192 mox
470 4133 651 4206 profecturo
675 4148 710 4191 00
734 4133 852 4192 nubere
877 4147 941 4191 non
964 4147 1059 4205 posse
1082 4131 1179 4205 probe
1203 4131 1363 4206 inteiligit.
1388 4132 1480 4191 Nunc

306 4246 386 4305 nihil
417 4245 602 4305 dissimulat
633 4246 767 4306 candida
794 4246 894 4320 virg0,
920 4245 976 4304 sed
1000 4244 1081 4303 satis
1105 4244 1295 4318 simpliciter
1318 4260 1354 4304 se
1377 4244 1479 4318 ipsius

306 4359 436 4432 Uiyssis
456 4374 566 4418 amore
586 4361 709 4419 tactam
729 4359 858 4417 indicat.
880 4359 913 4417 Si
926 4359 977 4418 cui
989 4359 1110 4433 tamen,
1125 4357 1250 4417 Kratzii
1262 4358 1479 4432 disputatione

306 4474 462 4552 permoto,
506 4471 558 4530 hic
599 4473 765 4538 tantum
807 4486 885 4538 non
920 4471 1201 4538 nominandus
1236 4485 1307 4532 0000
1342 4471 1479 4552 11110000
