<?xml version="1.0" encoding="UTF-8"?>
<!DOCTYPE html PUBLIC "-//W3C//DTD XHTML 1.0 Transitional//EN"
    "http://www.w3.org/TR/xhtml1/DTD/xhtml1-transitional.dtd">
<html xmlns="http://www.w3.org/1999/xhtml" xml:lang="en" lang="en">
 <head>
  <title>
</title>
<meta http-equiv="Content-Type" content="text/html;charset=utf-8" />
  <meta name='ocr-system' content='tesseract 3.04.00' />
  <meta name='ocr-capabilities' content='ocr_page ocr_carea ocr_par ocr_line ocrx_word'/>
</head>
<body>
  <div class='ocr_page' id='page_1' title='image "./epistolacritica00costgoog_0090.png"; bbox 0 0 3310 5262; ppageno 0'>
   <div class='ocr_carea' id='block_1_1' title="bbox 743 683 782 742">
    <p class='ocr_par' dir='ltr' id='par_1_1' title="bbox 743 683 782 742">
     <span class='ocr_line' id='line_1_1' title="bbox 743 683 782 742; baseline -0.026 0"><span class='ocrx_word' id='word_1_1' title='bbox 743 683 782 742; x_wconf 87' lang='lat'>81</span> 
     </span>
    </p>
   </div>
   <div class='ocr_carea' id='block_1_2' title="bbox 172 869 1352 3089">
    <p class='ocr_par' dir='ltr' id='par_1_2' title="bbox 172 869 1347 1061">
     <span class='ocr_line' id='line_1_2' title="bbox 207 869 1347 947; baseline -0.002 -15"><span class='ocrx_word' id='word_1_2' title='bbox 207 875 280 934; x_wconf 82' lang='lat'>‚530</span> <span class='ocrx_word' id='word_1_3' title='bbox 311 889 379 947; x_wconf 87' lang='lat' dir='ltr'>sqq.</span> <span class='ocrx_word' id='word_1_4' title='bbox 412 871 514 946; x_wconf 84' lang='lat' dir='ltr'>Magis</span> <span class='ocrx_word' id='word_1_5' title='bbox 540 885 625 930; x_wconf 89' lang='lat' dir='ltr'>nunc</span> <span class='ocrx_word' id='word_1_6' title='bbox 648 870 807 944; x_wconf 80' lang='lat' dir='ltr'>Penelope</span> <span class='ocrx_word' id='word_1_7' title='bbox 830 869 932 929; x_wconf 87' lang='lat' dir='ltr'>instat</span> <span class='ocrx_word' id='word_1_8' title='bbox 955 872 991 929; x_wconf 93' lang='lat' dir='ltr'>ut</span> <span class='ocrx_word' id='word_1_9' title='bbox 1014 871 1205 943; x_wconf 84' lang='lat' dir='ltr'>quantocius</span> <span class='ocrx_word' id='word_1_10' title='bbox 1229 871 1347 945; x_wconf 86' lang='lat' dir='ltr'>hospes</span> 
     </span>
     <span class='ocr_line' id='line_1_3' title="bbox 172 983 1329 1061; baseline -0.002 -15"><span class='ocrx_word' id='word_1_11' title='bbox 172 987 214 1046; x_wconf 91' lang='lat' dir='ltr'>ad</span> <span class='ocrx_word' id='word_1_12' title='bbox 233 1002 268 1046; x_wconf 90' lang='lat' dir='ltr'>se</span> <span class='ocrx_word' id='word_1_13' title='bbox 288 987 480 1061; x_wconf 72' lang='lat' dir='ltr'>arcessatur,</span> <span class='ocrx_word' id='word_1_14' title='bbox 502 987 599 1059; x_wconf 88' lang='lat' dir='ltr'>atque</span> <span class='ocrx_word' id='word_1_15' title='bbox 620 983 732 1044; x_wconf 81' lang='lat' dir='ltr'>acerbe</span> <span class='ocrx_word' id='word_1_16' title='bbox 752 998 950 1057; x_wconf 90' lang='lat' dir='ltr'>conquerens</span> <span class='ocrx_word' id='word_1_17' title='bbox 970 983 1049 1043; x_wconf 91' lang='lat' dir='ltr'>haec</span> <span class='ocrx_word' id='word_1_18' title='bbox 1069 984 1107 1044; x_wconf 94' lang='lat' dir='ltr'>de</span> <span class='ocrx_word' id='word_1_19' title='bbox 1123 985 1228 1057; x_wconf 91' lang='lat' dir='ltr'>procis</span> <span class='ocrx_word' id='word_1_20' title='bbox 1241 985 1329 1044; x_wconf 81' lang='lat' dir='ltr'>addit</span> 
     </span>
    </p>

    <p class='ocr_par' dir='ltr' id='par_1_3' title="bbox 351 1090 1203 1408">
     <span class='ocr_line' id='line_1_4' title="bbox 351 1090 1073 1175; baseline -0.004 -17"><span class='ocrx_word' id='word_1_21' title='bbox 351 1090 433 1158; x_wconf 82' lang='grc' dir='ltr'><strong><em>οὗτοι</em></strong></span> <span class='ocrx_word' id='word_1_22' title='bbox 457 1091 484 1156; x_wconf 89' lang='grc' dir='ltr'>δ’</span> <span class='ocrx_word' id='word_1_23' title='bbox 511 1093 545 1174; x_wconf 82' lang='grc' dir='ltr'>ήὲ</span> <span class='ocrx_word' id='word_1_24' title='bbox 567 1095 687 1175; x_wconf 82' lang='grc' dir='ltr'><strong><em>θύρηφι</em></strong></span> <span class='ocrx_word' id='word_1_25' title='bbox 710 1095 878 1174; x_wconf 78' lang='grc' dir='ltr'><strong><em>καθήμενοι</em></strong></span> <span class='ocrx_word' id='word_1_26' title='bbox 901 1093 1073 1171; x_wconf 80' lang='grc' dir='ltr'><strong><em>ἕψιαὲσθων</em></strong></span> 
     </span>
     <span class='ocr_line' id='line_1_5' title="bbox 352 1204 1203 1290; baseline 0.001 -22"><span class='ocrx_word' id='word_1_27' title='bbox 352 1207 371 1290; x_wconf 80' lang='grc' dir='ltr'><strong><em>ή</em></strong></span> <span class='ocrx_word' id='word_1_28' title='bbox 395 1209 489 1270; x_wconf 78' lang='grc' dir='ltr'><strong><em>αὐτοῦ</em></strong></span> <span class='ocrx_word' id='word_1_29' title='bbox 511 1207 586 1268; x_wconf 83' lang='grc' dir='ltr'><strong><em>κατὰ</em></strong></span> <span class='ocrx_word' id='word_1_30' title='bbox 610 1204 735 1286; x_wconf 82' lang='grc' dir='ltr'><strong><em>δώματ’,</em></strong></span> <span class='ocrx_word' id='word_1_31' title='bbox 757 1207 822 1269; x_wconf 78' lang='grc' dir='ltr'><strong><em>ἐπεί</em></strong></span> <span class='ocrx_word' id='word_1_32' title='bbox 843 1225 926 1286; x_wconf 82' lang='grc' dir='ltr'><strong><em>σφισι</em></strong></span> <span class='ocrx_word' id='word_1_33' title='bbox 951 1208 1051 1286; x_wconf 82' lang='grc' dir='ltr'><strong><em>θυμὸς</em></strong></span> <span class='ocrx_word' id='word_1_34' title='bbox 1074 1207 1203 1290; x_wconf 78' lang='grc' dir='ltr'><strong><em>ἐΰφρων.</em></strong></span> 
     </span>
     <span class='ocr_line' id='line_1_6' title="bbox 352 1317 1201 1408; baseline 0 -26"><span class='ocrx_word' id='word_1_35' title='bbox 352 1322 451 1384; x_wconf 80' lang='grc' dir='ltr'><strong><em>αὐτῶν</em></strong></span> <span class='ocrx_word' id='word_1_36' title='bbox 474 1320 527 1400; x_wconf 70' lang='grc' dir='ltr'>μὲν</span> <span class='ocrx_word' id='word_1_37' title='bbox 550 1320 606 1403; x_wconf 77' lang='grc' dir='ltr'>γὰρ</span> <span class='ocrx_word' id='word_1_38' title='bbox 628 1317 750 1400; x_wconf 80' lang='grc' dir='ltr'><strong><em>κτήματ’</em></strong></span> <span class='ocrx_word' id='word_1_39' title='bbox 777 1320 910 1402; x_wconf 80' lang='grc' dir='ltr'><strong><em>ἀκήρατα</em></strong></span> <span class='ocrx_word' id='word_1_40' title='bbox 933 1317 1002 1382; x_wconf 83' lang='grc' dir='ltr'><strong><em>κεῖτ’</em></strong></span> <span class='ocrx_word' id='word_1_41' title='bbox 1030 1320 1074 1382; x_wconf 80' lang='grc' dir='ltr'>ἐνλ</span> <span class='ocrx_word' id='word_1_42' title='bbox 1095 1323 1201 1408; x_wconf 61' lang='lat' dir='ltr'>folum,</span> 
     </span>
    </p>

    <p class='ocr_par' dir='ltr' id='par_1_4' title="bbox 244 1434 1134 1851">
     <span class='ocr_line' id='line_1_7' title="bbox 244 1434 1134 1515; baseline -0.004 -15"><span class='ocrx_word' id='word_1_43' title='bbox 244 1441 307 1500; x_wconf 85' lang='lat'>533</span> <span class='ocrx_word' id='word_1_44' title='bbox 354 1444 432 1510; x_wconf 87' lang='grc' dir='ltr'><strong><em>σῖτος</em></strong></span> <span class='ocrx_word' id='word_1_45' title='bbox 453 1435 503 1498; x_wconf 83' lang='grc' dir='ltr'>καλ</span> <span class='ocrx_word' id='word_1_46' title='bbox 528 1435 606 1514; x_wconf 79' lang='grc' dir='ltr'>μέθυ</span> <span class='ocrx_word' id='word_1_47' title='bbox 630 1437 721 1515; x_wconf 62' lang='grc' dir='ltr'><strong><em>ληδύ·</em></strong></span> <span class='ocrx_word' id='word_1_48' title='bbox 744 1434 780 1496; x_wconf 87' lang='grc' dir='ltr'>τδι</span> <span class='ocrx_word' id='word_1_49' title='bbox 803 1434 856 1515; x_wconf 82' lang='grc' dir='ltr'>μὲν</span> <span class='ocrx_word' id='word_1_50' title='bbox 879 1439 1000 1514; x_wconf 63' lang='grc' dir='ltr'><strong><em>δοικῆες</em></strong></span> <span class='ocrx_word' id='word_1_51' title='bbox 1025 1435 1134 1498; x_wconf 77' lang='grc' dir='ltr'><strong><em>ἔδουσι·</em></strong></span> 
     </span>
     <span class='ocr_line' id='line_1_8' title="bbox 355 1546 1112 1630; baseline -0.003 -18"><span class='ocrx_word' id='word_1_52' title='bbox 355 1553 384 1612; x_wconf 79' lang='grc' dir='ltr'>ολ</span> <span class='ocrx_word' id='word_1_53' title='bbox 407 1546 435 1612; x_wconf 87' lang='grc' dir='ltr'>δ’</span> <span class='ocrx_word' id='word_1_54' title='bbox 461 1551 502 1623; x_wconf 87' lang='grc' dir='ltr'>εἰς</span> <span class='ocrx_word' id='word_1_55' title='bbox 524 1547 665 1630; x_wconf 78' lang='grc' dir='ltr'><strong><em>ἡμέτερον</em></strong></span> <span class='ocrx_word' id='word_1_56' title='bbox 687 1551 871 1628; x_wconf 85' lang='grc' dir='ltr'><strong><em>πωλεύμενοι</em></strong></span> <span class='ocrx_word' id='word_1_57' title='bbox 895 1547 992 1628; x_wconf 90' lang='grc' dir='ltr'><strong><em>ήματα</em></strong></span> <span class='ocrx_word' id='word_1_58' title='bbox 1015 1550 1112 1610; x_wconf 80' lang='grc' dir='ltr'><strong><em>πάντα</em></strong></span> 
     </span>
     <span class='ocr_line' id='line_1_9' title="bbox 354 1657 1063 1745; baseline -0.004 -20"><span class='ocrx_word' id='word_1_59' title='bbox 354 1666 428 1745; x_wconf 83' lang='grc' dir='ltr'><em>βοῦς</em></span> <span class='ocrx_word' id='word_1_60' title='bbox 451 1664 613 1743; x_wconf 77' lang='grc' dir='ltr'><strong><em>ἱερεύοντες</em></strong></span> <span class='ocrx_word' id='word_1_61' title='bbox 635 1661 686 1724; x_wconf 84' lang='grc' dir='ltr'>καλ</span> <span class='ocrx_word' id='word_1_62' title='bbox 709 1661 753 1736; x_wconf 82' lang='grc' dir='ltr'>ὄις</span> <span class='ocrx_word' id='word_1_63' title='bbox 775 1662 825 1724; x_wconf 84' lang='grc' dir='ltr'>καλ</span> <span class='ocrx_word' id='word_1_64' title='bbox 847 1664 954 1736; x_wconf 85' lang='grc' dir='ltr'><strong><em>πίονας</em></strong></span> <span class='ocrx_word' id='word_1_65' title='bbox 978 1657 1063 1745; x_wconf 77' lang='grc' dir='ltr'><strong><em>αἶγας</em></strong></span> 
     </span>
     <span class='ocr_line' id='line_1_10' title="bbox 354 1775 671 1851; baseline -0.003 -13"><span class='ocrx_word' id='word_1_66' title='bbox 354 1778 592 1851; x_wconf 74' lang='grc' dir='ltr'><strong><em>εἰλαπινάζουσιν</em></strong></span> <span class='ocrx_word' id='word_1_67' title='bbox 614 1775 671 1838; x_wconf 85' lang='grc' dir='ltr'>κτὲ.</span> 
     </span>
    </p>

    <p class='ocr_par' dir='ltr' id='par_1_5' title="bbox 174 1881 1352 3089">
     <span class='ocr_line' id='line_1_11' title="bbox 221 1881 1348 1968; baseline -0.001 -14"><span class='ocrx_word' id='word_1_68' title='bbox 221 1894 317 1954; x_wconf 86' lang='lat' dir='ltr'>Haud</span> <span class='ocrx_word' id='word_1_69' title='bbox 348 1894 414 1953; x_wconf 91' lang='lat' dir='ltr'>vidi</span> <span class='ocrx_word' id='word_1_70' title='bbox 444 1894 559 1968; x_wconf 86' lang='lat' dir='ltr'>magis.</span> <span class='ocrx_word' id='word_1_71' title='bbox 584 1893 674 1952; x_wconf 90' lang='lat' dir='ltr'>Bona</span> <span class='ocrx_word' id='word_1_72' title='bbox 696 1908 866 1967; x_wconf 90' lang='lat' dir='ltr'>procorum</span> <span class='ocrx_word' id='word_1_73' title='bbox 890 1893 1013 1952; x_wconf 90' lang='lat' dir='ltr'>intacta</span> <span class='ocrx_word' id='word_1_74' title='bbox 1035 1893 1142 1952; x_wconf 90' lang='lat' dir='ltr'>iacent</span> <span class='ocrx_word' id='word_1_75' title='bbox 1164 1881 1268 1967; x_wconf 92' lang='lat' dir='ltr'>neque</span> <span class='ocrx_word' id='word_1_76' title='bbox 1291 1894 1348 1953; x_wconf 91' lang='lat' dir='ltr'>im-</span> 
     </span>
     <span class='ocr_line' id='line_1_12' title="bbox 174 2007 1350 2080; baseline -0.002 -12"><span class='ocrx_word' id='word_1_77' title='bbox 174 2009 369 2068; x_wconf 90' lang='lat' dir='ltr'>minuuntur</span> <span class='ocrx_word' id='word_1_78' title='bbox 399 2009 432 2068; x_wconf 94' lang='lat' dir='ltr'>et</span> <span class='ocrx_word' id='word_1_79' title='bbox 461 2009 573 2067; x_wconf 90' lang='lat' dir='ltr'>tamen</span> <span class='ocrx_word' id='word_1_80' title='bbox 604 2022 716 2066; x_wconf 90' lang='lat' dir='ltr'>eorum</span> <span class='ocrx_word' id='word_1_81' title='bbox 745 2007 947 2066; x_wconf 86' lang='lat' dir='ltr'>frumentum</span> <span class='ocrx_word' id='word_1_82' title='bbox 978 2007 1151 2067; x_wconf 89' lang='lat' dir='ltr'>comedunt</span> <span class='ocrx_word' id='word_1_83' title='bbox 1174 2008 1350 2080; x_wconf 88' lang='lat' dir='ltr'>vinumque</span> 
     </span>
     <span class='ocr_line' id='line_1_13' title="bbox 175 2119 1349 2195; baseline -0.003 -14"><span class='ocrx_word' id='word_1_84' title='bbox 175 2121 311 2181; x_wconf 89' lang='lat' dir='ltr'>ebibunt</span> <span class='ocrx_word' id='word_1_85' title='bbox 340 2122 427 2181; x_wconf 88' lang='lat' dir='ltr'>servi</span> <span class='ocrx_word' id='word_1_86' title='bbox 457 2137 537 2195; x_wconf 89' lang='lat' dir='ltr'>quos</span> <span class='ocrx_word' id='word_1_87' title='bbox 567 2121 655 2180; x_wconf 92' lang='lat' dir='ltr'>domi</span> <span class='ocrx_word' id='word_1_88' title='bbox 685 2121 908 2194; x_wconf 83' lang='lat' dir='ltr'>reliquerunt?</span> <span class='ocrx_word' id='word_1_89' title='bbox 934 2119 1066 2179; x_wconf 87' lang='lat' dir='ltr'>Addidit</span> <span class='ocrx_word' id='word_1_90' title='bbox 1088 2123 1125 2179; x_wconf 89' lang='lat' dir='ltr'>ut</span> <span class='ocrx_word' id='word_1_91' title='bbox 1148 2121 1259 2194; x_wconf 88' lang='lat' dir='ltr'>opinor</span> <span class='ocrx_word' id='word_1_92' title='bbox 1282 2137 1349 2180; x_wconf 83' lang='lat' dir='ltr'>ver-</span> 
     </span>
     <span class='ocr_line' id='line_1_14' title="bbox 174 2233 1349 2309; baseline -0.002 -15"><span class='ocrx_word' id='word_1_93' title='bbox 174 2251 253 2294; x_wconf 88' lang='lat' dir='ltr'>sum</span> <span class='ocrx_word' id='word_1_94' title='bbox 277 2237 340 2296; x_wconf 83' lang='lat'>533</span> <span class='ocrx_word' id='word_1_95' title='bbox 364 2236 415 2295; x_wconf 88' lang='lat' dir='ltr'>vir</span> <span class='ocrx_word' id='word_1_96' title='bbox 437 2235 517 2295; x_wconf 90' lang='lat' dir='ltr'>artis</span> <span class='ocrx_word' id='word_1_97' title='bbox 538 2234 762 2295; x_wconf 74' lang='lat' dir='ltr'>calculatoriae</span> <span class='ocrx_word' id='word_1_98' title='bbox 781 2234 932 2309; x_wconf 83' lang='lat' dir='ltr'>magistri</span> <span class='ocrx_word' id='word_1_99' title='bbox 951 2233 1089 2293; x_wconf 88' lang='lat' dir='ltr'>similior</span> <span class='ocrx_word' id='word_1_100' title='bbox 1108 2249 1206 2308; x_wconf 90' lang='lat' dir='ltr'>quam</span> <span class='ocrx_word' id='word_1_101' title='bbox 1226 2236 1349 2308; x_wconf 81' lang='lat' dir='ltr'>poetae,</span> 
     </span>
     <span class='ocr_line' id='line_1_15' title="bbox 175 2347 1352 2424; baseline -0.001 -15"><span class='ocrx_word' id='word_1_102' title='bbox 175 2349 231 2423; x_wconf 90' lang='lat' dir='ltr'>qui</span> <span class='ocrx_word' id='word_1_103' title='bbox 262 2349 345 2408; x_wconf 89' lang='lat' dir='ltr'>serre</span> <span class='ocrx_word' id='word_1_104' title='bbox 368 2365 434 2409; x_wconf 92' lang='lat' dir='ltr'>non</span> <span class='ocrx_word' id='word_1_105' title='bbox 455 2347 566 2424; x_wconf 87' lang='lat' dir='ltr'>posset</span> <span class='ocrx_word' id='word_1_106' title='bbox 589 2349 769 2423; x_wconf 89' lang='lat' dir='ltr'>Penelopen</span> <span class='ocrx_word' id='word_1_107' title='bbox 791 2363 907 2422; x_wconf 89' lang='lat' dir='ltr'>parurn</span> <span class='ocrx_word' id='word_1_108' title='bbox 931 2349 1080 2408; x_wconf 88' lang='lat' dir='ltr'>accurate</span> <span class='ocrx_word' id='word_1_109' title='bbox 1102 2348 1189 2421; x_wconf 91' lang='lat' dir='ltr'>loqui</span> <span class='ocrx_word' id='word_1_110' title='bbox 1213 2363 1352 2422; x_wconf 85' lang='lat' dir='ltr'>ergoque</span> 
     </span>
     <span class='ocr_line' id='line_1_16' title="bbox 175 2461 1351 2537; baseline 0.001 -16"><span class='ocrx_word' id='word_1_111' title='bbox 175 2463 224 2521; x_wconf 87' lang='lat' dir='ltr'>sic</span> <span class='ocrx_word' id='word_1_112' title='bbox 248 2477 322 2521; x_wconf 89' lang='lat' dir='ltr'>eam</span> <span class='ocrx_word' id='word_1_113' title='bbox 345 2463 534 2537; x_wconf 88' lang='lat' dir='ltr'>corriperet:</span> <span class='ocrx_word' id='word_1_114' title='bbox 561 2462 620 2537; x_wconf 83' lang='lat' dir='ltr'>„de</span> <span class='ocrx_word' id='word_1_115' title='bbox 643 2463 805 2522; x_wconf 87' lang='lat' dir='ltr'>frumento</span> <span class='ocrx_word' id='word_1_116' title='bbox 824 2463 937 2522; x_wconf 86' lang='lat' dir='ltr'>tamen</span> <span class='ocrx_word' id='word_1_117' title='bbox 955 2461 1095 2534; x_wconf 89' lang='lat' dir='ltr'>vinoque</span> <span class='ocrx_word' id='word_1_118' title='bbox 1115 2477 1227 2521; x_wconf 90' lang='lat' dir='ltr'>eorum</span> <span class='ocrx_word' id='word_1_119' title='bbox 1247 2462 1351 2522; x_wconf 86' lang='lat' dir='ltr'>dicere</span> 
     </span>
     <span class='ocr_line' id='line_1_17' title="bbox 175 2575 1351 2650; baseline 0.002 -16"><span class='ocrx_word' id='word_1_120' title='bbox 175 2575 265 2635; x_wconf 91' lang='lat' dir='ltr'>istud</span> <span class='ocrx_word' id='word_1_121' title='bbox 288 2576 370 2636; x_wconf 92' lang='lat' dir='ltr'>noli:</span> <span class='ocrx_word' id='word_1_122' title='bbox 394 2592 500 2636; x_wconf 90' lang='lat' dir='ltr'>nonne</span> <span class='ocrx_word' id='word_1_123' title='bbox 524 2575 611 2635; x_wconf 90' lang='lat' dir='ltr'>enim</span> <span class='ocrx_word' id='word_1_124' title='bbox 634 2576 758 2635; x_wconf 87' lang='lat' dir='ltr'>interea</span> <span class='ocrx_word' id='word_1_125' title='bbox 781 2577 867 2635; x_wconf 88' lang='lat' dir='ltr'>servi</span> <span class='ocrx_word' id='word_1_126' title='bbox 891 2591 1012 2650; x_wconf 83' lang='lat' dir='ltr'>eorum,</span> <span class='ocrx_word' id='word_1_127' title='bbox 1037 2575 1091 2648; x_wconf 90' lang='lat' dir='ltr'>qui</span> <span class='ocrx_word' id='word_1_128' title='bbox 1114 2575 1203 2634; x_wconf 89' lang='lat' dir='ltr'>dorni</span> <span class='ocrx_word' id='word_1_129' title='bbox 1225 2591 1351 2636; x_wconf 86' lang='lat' dir='ltr'>manse-</span> 
     </span>
     <span class='ocr_line' id='line_1_18' title="bbox 176 2688 1351 2764; baseline 0.003 -18"><span class='ocrx_word' id='word_1_130' title='bbox 176 2689 264 2764; x_wconf 88' lang='lat' dir='ltr'>runt,</span> <span class='ocrx_word' id='word_1_131' title='bbox 297 2705 368 2748; x_wconf 89' lang='lat' dir='ltr'>esse</span> <span class='ocrx_word' id='word_1_132' title='bbox 399 2705 436 2750; x_wconf 89' lang='lat' dir='ltr'>ac</span> <span class='ocrx_word' id='word_1_133' title='bbox 466 2689 574 2749; x_wconf 91' lang='lat' dir='ltr'>bibere</span> <span class='ocrx_word' id='word_1_134' title='bbox 605 2689 807 2750; x_wconf 85' lang='lat' dir='ltr'>debebant?’&#39;</span> <span class='ocrx_word' id='word_1_135' title='bbox 834 2689 879 2748; x_wconf 91' lang='lat' dir='ltr'>At</span> <span class='ocrx_word' id='word_1_136' title='bbox 902 2688 1003 2748; x_wconf 91' lang='lat' dir='ltr'>eiecto</span> <span class='ocrx_word' id='word_1_137' title='bbox 1026 2703 1132 2762; x_wconf 90' lang='lat' dir='ltr'>panno</span> <span class='ocrx_word' id='word_1_138' title='bbox 1156 2705 1254 2762; x_wconf 90' lang='lat' dir='ltr'>quam</span> <span class='ocrx_word' id='word_1_139' title='bbox 1278 2693 1351 2764; x_wconf 89' lang='lat' dir='ltr'>apte</span> 
     </span>
     <span class='ocr_line' id='line_1_19' title="bbox 176 2801 1352 2877; baseline 0.002 -17"><span class='ocrx_word' id='word_1_140' title='bbox 176 2801 259 2861; x_wconf 86' lang='lat' dir='ltr'>haec</span> <span class='ocrx_word' id='word_1_141' title='bbox 281 2803 470 2862; x_wconf 88' lang='lat' dir='ltr'>cohaerent:</span> <span class='ocrx_word' id='word_1_142' title='bbox 497 2802 636 2877; x_wconf 83' lang='lat' dir='ltr'>„hilares</span> <span class='ocrx_word' id='word_1_143' title='bbox 656 2802 711 2861; x_wconf 90' lang='lat' dir='ltr'>isti</span> <span class='ocrx_word' id='word_1_144' title='bbox 732 2817 804 2861; x_wconf 90' lang='lat' dir='ltr'>esse</span> <span class='ocrx_word' id='word_1_145' title='bbox 823 2804 976 2875; x_wconf 89' lang='lat' dir='ltr'>possunt:</span> <span class='ocrx_word' id='word_1_146' title='bbox 997 2802 1141 2875; x_wconf 90' lang='lat' dir='ltr'>ipsorum</span> <span class='ocrx_word' id='word_1_147' title='bbox 1162 2803 1249 2861; x_wconf 92' lang='lat' dir='ltr'>enirn</span> <span class='ocrx_word' id='word_1_148' title='bbox 1268 2803 1352 2862; x_wconf 87' lang='lat' dir='ltr'>bona</span> 
     </span>
     <span class='ocr_line' id='line_1_20' title="bbox 177 2914 1352 2991; baseline 0.001 -18"><span class='ocrx_word' id='word_1_149' title='bbox 177 2914 268 2975; x_wconf 90' lang='lat' dir='ltr'>domi</span> <span class='ocrx_word' id='word_1_150' title='bbox 289 2915 396 2975; x_wconf 91' lang='lat' dir='ltr'>iacent</span> <span class='ocrx_word' id='word_1_151' title='bbox 414 2916 545 2991; x_wconf 90' lang='lat' dir='ltr'>intacta,</span> <span class='ocrx_word' id='word_1_152' title='bbox 566 2916 622 2974; x_wconf 91' lang='lat' dir='ltr'>sed</span> <span class='ocrx_word' id='word_1_153' title='bbox 642 2915 783 2988; x_wconf 88' lang='lat' dir='ltr'>quotidie</span> <span class='ocrx_word' id='word_1_154' title='bbox 803 2916 865 2974; x_wconf 89' lang='lat' dir='ltr'>huc</span> <span class='ocrx_word' id='word_1_155' title='bbox 884 2915 1019 2974; x_wconf 90' lang='lat' dir='ltr'>veniunt</span> <span class='ocrx_word' id='word_1_156' title='bbox 1038 2930 1174 2988; x_wconf 89' lang='lat' dir='ltr'>meaque</span> <span class='ocrx_word' id='word_1_157' title='bbox 1195 2915 1352 2975; x_wconf 80' lang='lat' dir='ltr'>conviviis</span> 
     </span>
     <span class='ocr_line' id='line_1_21' title="bbox 177 3027 480 3089; baseline 0.01 -4"><span class='ocrx_word' id='word_1_158' title='bbox 177 3028 249 3086; x_wconf 85' lang='lat' dir='ltr'>suis</span> <span class='ocrx_word' id='word_1_159' title='bbox 272 3027 480 3089; x_wconf 89' lang='lat' dir='ltr'>absumunt.”</span> 
     </span>
    </p>
   </div>
   <div class='ocr_carea' id='block_1_3' title="bbox 179 3251 1351 3558">
    <p class='ocr_par' dir='ltr' id='par_1_6' title="bbox 179 3251 1351 3558">
     <span class='ocr_line' id='line_1_22' title="bbox 223 3251 1351 3327; baseline 0.002 -17"><span class='ocrx_word' id='word_1_160' title='bbox 223 3252 287 3311; x_wconf 81' lang='grc'>561</span> <span class='ocrx_word' id='word_1_161' title='bbox 315 3267 383 3326; x_wconf 88' lang='lat' dir='ltr'>sqq.</span> <span class='ocrx_word' id='word_1_162' title='bbox 407 3253 526 3313; x_wconf 88' lang='lat' dir='ltr'>Audito</span> <span class='ocrx_word' id='word_1_163' title='bbox 550 3255 624 3327; x_wconf 90' lang='lat' dir='ltr'>quid</span> <span class='ocrx_word' id='word_1_164' title='bbox 644 3253 723 3314; x_wconf 93' lang='lat' dir='ltr'>velit</span> <span class='ocrx_word' id='word_1_165' title='bbox 742 3253 913 3325; x_wconf 88' lang='lat' dir='ltr'>iubeatque</span> <span class='ocrx_word' id='word_1_166' title='bbox 933 3252 1091 3326; x_wconf 89' lang='lat' dir='ltr'>Penelope</span> <span class='ocrx_word' id='word_1_167' title='bbox 1111 3252 1191 3312; x_wconf 89' lang='lat' dir='ltr'>haec</span> <span class='ocrx_word' id='word_1_168' title='bbox 1209 3251 1351 3312; x_wconf 82' lang='lat' dir='ltr'>Eumaeo</span> 
     </span>
     <span class='ocr_line' id='line_1_23' title="bbox 179 3363 772 3440; baseline 0.01 -18"><span class='ocrx_word' id='word_1_169' title='bbox 179 3365 351 3438; x_wconf 90' lang='lat' dir='ltr'>respondet</span> <span class='ocrx_word' id='word_1_170' title='bbox 373 3365 527 3440; x_wconf 87' lang='lat' dir='ltr'>Ulysses:</span> <span class='ocrx_word' id='word_1_171' title='bbox 770 3363 772 3368; x_wconf 80' lang='grc'><strong><em>’</em></strong></span> 
     </span>
     <span class='ocr_line' id='line_1_24' title="bbox 359 3471 1141 3558; baseline -0.001 -20"><span class='ocrx_word' id='word_1_172' title='bbox 359 3473 479 3557; x_wconf 77' lang='grc' dir='ltr'><strong><em>Εὔμαι’,</em></strong></span> <span class='ocrx_word' id='word_1_173' title='bbox 501 3472 578 3557; x_wconf 77' lang='grc' dir='ltr'><strong><em>αἶψά</em></strong></span> <span class='ocrx_word' id='word_1_174' title='bbox 601 3473 631 3538; x_wconf 89' lang='grc' dir='ltr'>κ’</span> <span class='ocrx_word' id='word_1_175' title='bbox 656 3476 711 3558; x_wconf 81' lang='grc' dir='ltr'>ἐγὼ</span> <span class='ocrx_word' id='word_1_176' title='bbox 735 3475 878 3557; x_wconf 75' lang='grc' dir='ltr'><strong><em>νημερτέα</em></strong></span> <span class='ocrx_word' id='word_1_177' title='bbox 900 3471 982 3537; x_wconf 83' lang='grc' dir='ltr'><strong><em>πάντ’</em></strong></span> <span class='ocrx_word' id='word_1_178' title='bbox 1009 3474 1141 3555; x_wconf 80' lang='grc' dir='ltr'><strong><em>ἐνέποιμι</em></strong></span> 
     </span>
    </p>
   </div>
   <div class='ocr_carea' id='block_1_4' title="bbox 183 3590 1352 4465">
    <p class='ocr_par' dir='ltr' id='par_1_7' title="bbox 357 3590 1024 3676">
     <span class='ocr_line' id='line_1_25' title="bbox 357 3590 1024 3676; baseline -0.001 -25"><span class='ocrx_word' id='word_1_179' title='bbox 357 3591 452 3676; x_wconf 83' lang='grc' dir='ltr'><strong><em>κούρη</em></strong></span> <span class='ocrx_word' id='word_1_180' title='bbox 474 3592 623 3671; x_wconf 65' lang='grc' dir='ltr'><strong><em>δικαρίοιο</em></strong></span> <span class='ocrx_word' id='word_1_181' title='bbox 646 3590 803 3672; x_wconf 75' lang='grc' dir='ltr'><strong><em>περίφρονι</em></strong></span> <span class='ocrx_word' id='word_1_182' title='bbox 826 3590 1024 3675; x_wconf 86' lang='grc' dir='ltr'><strong><em>Πηνελοπείη·</em></strong></span> 
     </span>
    </p>

    <p class='ocr_par' dir='ltr' id='par_1_8' title="bbox 358 3696 1278 3786">
     <span class='ocr_line' id='line_1_26' title="bbox 358 3696 1278 3786; baseline 0 -22"><span class='ocrx_word' id='word_1_183' title='bbox 358 3705 450 3765; x_wconf 64' lang='lat' dir='ltr'>dorda</span> <span class='ocrx_word' id='word_1_184' title='bbox 472 3703 528 3786; x_wconf 82' lang='grc' dir='ltr'><strong><em>γδιρ</em></strong></span> <span class='ocrx_word' id='word_1_185' title='bbox 552 3696 584 3767; x_wconf 78' lang='grc' dir='ltr'>εὖ</span> <span class='ocrx_word' id='word_1_186' title='bbox 608 3703 675 3785; x_wconf 87' lang='grc' dir='ltr'><strong><em>περλ</em></strong></span> <span class='ocrx_word' id='word_1_187' title='bbox 696 3705 807 3782; x_wconf 82' lang='grc' dir='ltr'><strong><em>κείνου,</em></strong></span> <span class='ocrx_word' id='word_1_188' title='bbox 830 3702 906 3783; x_wconf 82' lang='grc' dir='ltr'><strong><em>δμήν</em></strong></span> <span class='ocrx_word' id='word_1_189' title='bbox 930 3699 958 3764; x_wconf 91' lang='grc' dir='ltr'>δ’</span> <span class='ocrx_word' id='word_1_190' title='bbox 985 3699 1160 3785; x_wconf 78' lang='grc' dir='ltr'><strong><em>ἀνεδέγμεθ’</em></strong></span> <span class='ocrx_word' id='word_1_191' title='bbox 1188 3701 1278 3777; x_wconf 81' lang='grc' dir='ltr'><strong><em>ὀιζύν.</em></strong></span> 
     </span>
    </p>

    <p class='ocr_par' dir='ltr' id='par_1_9' title="bbox 359 3813 1182 3898">
     <span class='ocr_line' id='line_1_27' title="bbox 359 3813 1182 3898; baseline 0.004 -22"><span class='ocrx_word' id='word_1_192' title='bbox 359 3815 431 3877; x_wconf 81' lang='grc' dir='ltr'><strong><em>ἀλλὰ</em></strong></span> <span class='ocrx_word' id='word_1_193' title='bbox 454 3818 631 3898; x_wconf 82' lang='grc' dir='ltr'><strong><em>μνηστήρων</em></strong></span> <span class='ocrx_word' id='word_1_194' title='bbox 652 3824 785 3898; x_wconf 80' lang='grc' dir='ltr'><strong><em>χαλεπῶν</em></strong></span> <span class='ocrx_word' id='word_1_195' title='bbox 811 3813 966 3879; x_wconf 62' lang='lat' dir='ltr'>taediosi</span> <span class='ocrx_word' id='word_1_196' title='bbox 991 3815 1105 3897; x_wconf 78' lang='grc' dir='ltr'><strong><em>ὅμιλον,</em></strong></span> <span class='ocrx_word' id='word_1_197' title='bbox 1126 3817 1182 3879; x_wconf 84' lang='grc' dir='ltr'>κτὲ.</span> 
     </span>
    </p>

    <p class='ocr_par' dir='ltr' id='par_1_10' title="bbox 225 3924 1351 4009">
     <span class='ocr_line' id='line_1_28' title="bbox 225 3924 1351 4009; baseline 0.001 -16"><span class='ocrx_word' id='word_1_198' title='bbox 225 3933 399 3993; x_wconf 65' lang='lat' dir='ltr'>annotatis</span> <span class='ocrx_word' id='word_1_199' title='bbox 422 3933 491 3993; x_wconf 93' lang='lat' dir='ltr'>solo</span> <span class='ocrx_word' id='word_1_200' title='bbox 513 3949 611 3993; x_wconf 89' lang='lat' dir='ltr'>versu</span> <span class='ocrx_word' id='word_1_201' title='bbox 634 3935 697 3994; x_wconf 81' lang='grc'>563</span> <span class='ocrx_word' id='word_1_202' title='bbox 723 3933 806 4007; x_wconf 90' lang='lat' dir='ltr'>apud</span> <span class='ocrx_word' id='word_1_203' title='bbox 828 3935 960 4007; x_wconf 81' lang='lat' dir='ltr'>poetam</span> <span class='ocrx_word' id='word_1_204' title='bbox 979 3924 1046 3992; x_wconf 82' lang='grc' dir='ltr'><strong><em>οἶδα</em></strong></span> <span class='ocrx_word' id='word_1_205' title='bbox 1066 3934 1245 3994; x_wconf 89' lang='lat' dir='ltr'>adsciscere</span> <span class='ocrx_word' id='word_1_206' title='bbox 1263 3950 1351 4009; x_wconf 88' lang='lat' dir='ltr'>prae·</span> 
     </span>
    </p>

    <p class='ocr_par' dir='ltr' id='par_1_11' title="bbox 183 4045 1352 4465">
     <span class='ocr_line' id='line_1_29' title="bbox 183 4045 1352 4126; baseline 0.003 -22"><span class='ocrx_word' id='word_1_207' title='bbox 183 4045 375 4118; x_wconf 89' lang='lat' dir='ltr'>positionem</span> <span class='ocrx_word' id='word_1_208' title='bbox 405 4045 478 4126; x_wconf 85' lang='grc' dir='ltr'><strong><em>περί.</em></strong></span> <span class='ocrx_word' id='word_1_209' title='bbox 510 4047 596 4108; x_wconf 84' lang='lat' dir='ltr'>Satis</span> <span class='ocrx_word' id='word_1_210' title='bbox 626 4063 724 4122; x_wconf 83' lang='lat' dir='ltr'>grave</span> <span class='ocrx_word' id='word_1_211' title='bbox 754 4048 824 4124; x_wconf 90' lang='lat' dir='ltr'>hoc,</span> <span class='ocrx_word' id='word_1_212' title='bbox 856 4047 988 4122; x_wconf 85' lang='lat' dir='ltr'>gravius</span> <span class='ocrx_word' id='word_1_213' title='bbox 1018 4050 1130 4107; x_wconf 90' lang='lat' dir='ltr'>tamen</span> <span class='ocrx_word' id='word_1_214' title='bbox 1160 4049 1244 4122; x_wconf 93' lang='lat' dir='ltr'>quod</span> <span class='ocrx_word' id='word_1_215' title='bbox 1274 4045 1352 4125; x_wconf 79' lang='grc' dir='ltr'><strong><em>ὁμὴν</em></strong></span> 
     </span>
     <span class='ocr_line' id='line_1_30' title="bbox 184 4153 1351 4238; baseline 0.003 -22"><span class='ocrx_word' id='word_1_216' title='bbox 184 4153 356 4238; x_wconf 73' lang='grc' dir='ltr'><strong><em>ἀνεδέγμεθ’</em></strong></span> <span class='ocrx_word' id='word_1_217' title='bbox 393 4154 475 4231; x_wconf 82' lang='grc' dir='ltr'><strong><em>ὀιζύν</em></strong></span> <span class='ocrx_word' id='word_1_218' title='bbox 510 4162 544 4220; x_wconf 90' lang='lat' dir='ltr'>et</span> <span class='ocrx_word' id='word_1_219' title='bbox 572 4161 654 4222; x_wconf 91' lang='lat' dir='ltr'>mire</span> <span class='ocrx_word' id='word_1_220' title='bbox 684 4163 807 4222; x_wconf 90' lang='lat' dir='ltr'>dictum</span> <span class='ocrx_word' id='word_1_221' title='bbox 838 4163 889 4222; x_wconf 90' lang='lat' dir='ltr'>est</span> <span class='ocrx_word' id='word_1_222' title='bbox 919 4163 952 4222; x_wconf 91' lang='lat' dir='ltr'>et</span> <span class='ocrx_word' id='word_1_223' title='bbox 982 4177 1052 4221; x_wconf 90' lang='lat' dir='ltr'>rem</span> <span class='ocrx_word' id='word_1_224' title='bbox 1084 4161 1227 4222; x_wconf 91' lang='lat' dir='ltr'>continet</span> <span class='ocrx_word' id='word_1_225' title='bbox 1256 4163 1351 4236; x_wconf 90' lang='lat' dir='ltr'>plane</span> 
     </span>
     <span class='ocr_line' id='line_1_31' title="bbox 185 4272 1351 4350; baseline 0.003 -18"><span class='ocrx_word' id='word_1_226' title='bbox 185 4272 344 4334; x_wconf 86' lang='lat' dir='ltr'>diversam</span> <span class='ocrx_word' id='word_1_227' title='bbox 374 4290 393 4334; x_wconf 88' lang='lat' dir='ltr'>a</span> <span class='ocrx_word' id='word_1_228' title='bbox 423 4275 660 4335; x_wconf 89' lang='lat' dir='ltr'>narrationibus</span> <span class='ocrx_word' id='word_1_229' title='bbox 687 4277 802 4350; x_wconf 90' lang='lat' dir='ltr'>quibus</span> <span class='ocrx_word' id='word_1_230' title='bbox 825 4277 983 4336; x_wconf 88' lang='lat' dir='ltr'>hactenus</span> <span class='ocrx_word' id='word_1_231' title='bbox 1006 4276 1046 4335; x_wconf 92' lang='lat' dir='ltr'>ad</span> <span class='ocrx_word' id='word_1_232' title='bbox 1068 4276 1249 4335; x_wconf 86' lang='lat' dir='ltr'>Eumaeum</span> <span class='ocrx_word' id='word_1_233' title='bbox 1272 4291 1351 4336; x_wconf 84' lang='lat' dir='ltr'>usus</span> 
     </span>
     <span class='ocr_line' id='line_1_32' title="bbox 186 4388 1350 4465; baseline 0.003 -20"><span class='ocrx_word' id='word_1_234' title='bbox 186 4389 234 4446; x_wconf 90' lang='lat' dir='ltr'>est</span> <span class='ocrx_word' id='word_1_235' title='bbox 252 4388 425 4449; x_wconf 88' lang='lat' dir='ltr'>simulatus</span> <span class='ocrx_word' id='word_1_236' title='bbox 443 4389 621 4449; x_wconf 92' lang='lat' dir='ltr'>mendicus.</span> <span class='ocrx_word' id='word_1_237' title='bbox 641 4388 711 4450; x_wconf 93' lang='lat' dir='ltr'>Hoc</span> <span class='ocrx_word' id='word_1_238' title='bbox 729 4406 806 4450; x_wconf 89' lang='lat' dir='ltr'>vero</span> <span class='ocrx_word' id='word_1_239' title='bbox 825 4391 1058 4465; x_wconf 84' lang='lat' dir='ltr'>gravissimum</span> <span class='ocrx_word' id='word_1_240' title='bbox 1077 4389 1161 4463; x_wconf 94' lang='lat' dir='ltr'>quod</span> <span class='ocrx_word' id='word_1_241' title='bbox 1173 4391 1241 4449; x_wconf 92' lang='lat' dir='ltr'>toto</span> <span class='ocrx_word' id='word_1_242' title='bbox 1253 4404 1350 4448; x_wconf 88' lang='lat' dir='ltr'>versu</span> 
     </span>
    </p>
   </div>
   <div class='ocr_carea' id='block_1_5' title="bbox 185 4497 1351 4652">
    <p class='ocr_par' dir='ltr' id='par_1_12' title="bbox 185 4497 1351 4652">
     <span class='ocr_line' id='line_1_33' title="bbox 185 4497 1351 4585; baseline 0.003 -27"><span class='ocrx_word' id='word_1_243' title='bbox 185 4497 310 4574; x_wconf 87' lang='lat' dir='ltr'>Ulyssis</span> <span class='ocrx_word' id='word_1_244' title='bbox 333 4503 435 4563; x_wconf 90' lang='lat' dir='ltr'>oratio</span> <span class='ocrx_word' id='word_1_245' title='bbox 457 4503 661 4579; x_wconf 89' lang='lat' dir='ltr'>ineptissime</span> <span class='ocrx_word' id='word_1_246' title='bbox 684 4503 938 4580; x_wconf 89' lang='lat' dir='ltr'>interrumpitur,</span> <span class='ocrx_word' id='word_1_247' title='bbox 964 4504 1055 4562; x_wconf 88' lang='lat' dir='ltr'>cuius</span> <span class='ocrx_word' id='word_1_248' title='bbox 1078 4503 1139 4561; x_wconf 91' lang='lat' dir='ltr'>hoc</span> <span class='ocrx_word' id='word_1_249' title='bbox 1161 4517 1233 4562; x_wconf 88' lang='lat' dir='ltr'>esse</span> <span class='ocrx_word' id='word_1_250' title='bbox 1254 4504 1351 4585; x_wconf 84' lang='lat' dir='ltr'>debet</span> 
     </span>
     <span class='ocr_line' id='line_1_34' title="bbox 1256 4609 1271 4652; baseline 0 0"><span class='ocrx_word' id='word_1_251' title='bbox 1256 4609 1271 4652; x_wconf 87' lang='lat' dir='ltr'>o</span> 
     </span>
    </p>
   </div>
   <div class='ocr_carea' id='block_1_6' title="bbox 0 0 1670 5262">
    <p class='ocr_par' dir='ltr' id='par_1_13' title="bbox 0 0 1670 5262">
     <span class='ocr_line' id='line_1_35' title="bbox 0 0 1670 5262; baseline 0 0"><span class='ocrx_word' id='word_1_252' title='bbox 0 0 1670 5262; x_wconf 95' lang='lat' dir='ltr'> </span> 
     </span>
    </p>
   </div>
  </div>
 </body>
</html>
