3310 5262
715 741 717 746 s
744 655 806 714 rao

182 849 254 908 tum
269 841 427 923 πέπνυσο,
447 861 522 906 cum
541 845 612 904 tota
631 844 797 903 structura
818 843 1000 902 sententiae
1017 843 1196 918 perfectum
1208 845 1360 920 requirat,

181 964 348 1036 postremo
382 930 460 1019 illud
491 957 627 1018 verbum
658 957 776 1031 ipsum.
810 955 889 1030 Quid
921 957 1032 1016 enim?
1064 958 1280 1033 Speramusne
1303 974 1363 1018 nos

182 1075 221 1134 ab
253 1075 362 1149 aliquo
392 1073 523 1134 veniam
552 1072 792 1146 impetraturos
818 1070 971 1142 quoniam
995 1072 1362 1145 prudentissimus

181 1187 236 1246 ille
272 1189 317 1248 sit
350 1187 540 1248 mortalium
578 1185 627 1245 vel
663 1184 1048 1259 sapientissimus?
1082 1186 1188 1246 Immo
1222 1201 1298 1246 vero
1330 1187 1363 1244 in

184 1301 420 1360 clementia
450 1300 520 1358 eius
552 1300 585 1358 et
615 1297 945 1357 mansuetudine
977 1314 1069 1373 spem
1099 1302 1246 1360 nostram
1277 1315 1363 1375 repo-

184 1414 308 1489 nimus„
333 1428 408 1474 nam·
434 1411 605 1488 prudentia
627 1425 723 1486 saepe
747 1411 959 1472 severitatem
982 1427 1094 1472 secum
1117 1413 1215 1474 ducit.

231 1639 295 1698 257
331 1654 400 1712 sqq.
430 1637 582 1697 Cubitum
605 1635 651 1694 ire
674 1631 712 1694 se
733 1635 817 1694 velle
839 1637 894 1696 ubi
918 1637 1001 1696 dixit
1023 1637 1169 1712 ulysses,
1195 1638 1367 1712 respondet

183 1751 363 1826 Penelope:

365 1861 438 1940 εὐνὴ
463 1858 517 1940 μὲν
540 1859 579 1940 δὴ
603 1861 705 1941 σοίγε
728 1855 781 1922 τότ’
808 1859 930 1940 ἔσσεται,
953 1858 1063 1922 ὁππότε
1085 1867 1187 1947 θυμῷ,

365 1987 407 2061 σῷ
430 1973 546 2060 ἐθέλῃς,
569 1972 631 2036 ἐπεὶ
654 1971 691 2055 dp
715 1991 747 2035 σε
769 1972 839 2036 θεοὶ
859 1969 1002 2054 ’ποίησαν
1025 1972 1143 2036 ἱκέσθαι

364 2092 472 2153 ἔοῖκον
495 2087 528 2150 ἐὺ
552 2089 689 2167 κτίμενον
711 2087 762 2148 καὶ
785 2087 842 2168 σὴν
866 2086 895 2161 ἐς
918 2089 1046 2169 πατρίδα
1071 2095 1169 2171 γαῖαν·

234 2210 300 2270 260
370 2199 427 2266 ἀλλ’
455 2202 517 2264 ἐπεὶ
540 2201 697 2283 ἐφράσθης
719 2204 836 2265 καίτοι
858 2201 931 2277 θεὸς
954 2202 1062 2286 ἔμβαλε
1085 2209 1186 2290 θυμῷ,

369 2311 447 2379 ἕείπ
473 2314 526 2398 ἄγε
549 2339 599 2395 μοι
622 2314 673 2378 τὸν
697 2314 818 2395 ἄεθλον,
840 2315 896 2378 κπὲ.

236 2435 324 2496 Scire
350 2432 507 2509 pervelim
527 2447 589 2506 quo
610 2448 708 2492 sensu
727 2432 780 2492 hic
799 2448 914 2493 versus
935 2434 998 2494 260
1018 2434 1144 2509 positus
1163 2435 1216 2495 sit.
1237 2435 1369 2510 Legitur

187 2552 224 2612 et
246 2571 261 2608 τ
280 2550 355 2623 485,
377 2547 434 2607 sed
454 2547 498 2606 ibi
518 2546 711 2606 facillimum
731 2546 829 2606 habet
841 2547 1060 2607 intellectum:
1075 2564 1111 2608 eo
1125 2549 1164 2608 ad
1177 2549 1368 2624 Eurycleam

187 2663 293 2724 utitur
316 2662 453 2735 Ulysses
478 2675 552 2718 cum
576 2661 726 2734 precatur
748 2675 789 2719 ne
813 2675 848 2719 se
871 2660 1001 2735 prodat;
1027 2661 1083 2721 illa
1106 2665 1216 2723 autem
1237 2665 1370 2738 agnovit

189 2773 351 2854 (ἐφράσθη)
384 2774 569 2835 cicatricem
600 2771 724 2850 (οὐλήν),
757 2775 854 2846 atque
877 2774 961 2834 hanc
984 2775 1014 2833 ei
1038 2777 1171 2836 deorum
1195 2779 1311 2852 aliquis
1335 2779 1368 2837 in

189 2891 337 2949 mentem
381 2888 600 2948 revocaverat.
648 2888 692 2947 At
738 2885 790 2945 hio
836 2888 999 2962 quodnam
1045 2905 1164 2962 quaeso
1206 2892 1367 2952 obiectum

189 3003 311 3062 habent
344 3003 443 3062 verba
477 2997 633 3078 ἐφράσθης
667 3002 700 3060 et
735 2997 865 3078 ippoir?
898 3001 950 3059 An
983 3001 1080 3062 huius
1111 3003 1172 3063 loci
1202 3008 1298 3078 poeta
1328 3006 1366 3066 de

189 3119 259 3176 toro
302 3116 357 3176 illo
400 3114 555 3188 cogitavit
589 3116 622 3174 et
656 3129 742 3173 nunc
775 3087 957 3189 Penelopen
990 3114 1070 3175 haec
1104 3116 1171 3176 fere
1205 3117 1366 3178 dicentem

191 3230 285 3291 fecit:
317 3228 593 3307 „quandoquidem
625 3230 695 3287 tam
726 3227 806 3288 bene
837 3229 900 3288 tori
930 3229 1017 3289 illius
1040 3230 1218 3292 recordaris
1241 3234 1366 3292 utiam

192 3345 338 3404 dubitare
369 3356 529 3416 nequeam
561 3341 639 3416 quin
669 3343 715 3400 sis
739 3341 921 3415 Ulyssem?
952 3343 1085 3417 ineptus
1116 3361 1191 3420 ergo
1222 3346 1276 3406 ille
1306 3347 1368 3407 fuit

191 3457 392 3532 compilator.

193 3683 257 3742 289
282 3697 329 3756 sq.
375 3680 470 3760 rippa
495 3673 525 3739 δ’
539 3673 583 3759 ἄρ’
610 3677 775 3760 Εὐρυνόμη
798 3700 828 3739 τε
847 3675 891 3738 ἰδὲ
913 3677 1023 3759 τροφὸς
1045 3676 1157 3757 dccccv
1180 3679 1272 3759 εὐνὴν

378 3795 527 3871 Proditor
551 3797 692 3872 μαλακῆς.

238 3908 316 3967 Mire
351 3909 473 3969 dictum
507 3904 600 3984 εὐνὴν
633 3904 758 3986 ἐσθῆτος
792 3910 935 3986 μαλακῆς,
971 3908 1120 3968 Fortasse
1154 3910 1283 3985 spurius
1318 3916 1369 3973 est

192 4023 282 4081 totus
304 4037 430 4085 versus,

239 4247 303 4308 306
345 4263 392 4321 sq.
432 4243 553 4306 Mutuis
586 4243 791 4304 sermonibus
825 4243 858 4303 in
891 4247 1085 4308 memoriam
1119 4249 1365 4324 praeteritorum

195 4361 356 4422 malorum
375 4361 524 4421 redibant
542 4358 700 4435 Penelope
720 4362 753 4420 et
772 4359 925 4435 Ulysses;
943 4365 976 4421 et
988 4362 1043 4421 illa
1054 4363 1184 4436 quidem
1197 4380 1366 4439 procorum

195 4474 329 4534 iniurias
352 4476 527 4535 referebat:

1273 4584 1287 4626 a
