3310 5262
739 656 799 713 117

176 843 247 900 tem
273 843 382 903 videre
405 844 467 903 sibi
490 845 676 906 viderentur
699 847 855 922 Ulyssem
878 850 918 909 ad
941 865 976 910 se
997 853 1197 927 mactandos,
1216 868 1293 912 nam
1314 870 1355 912 ex

175 955 244 1014 alia
278 959 370 1031 parte
405 958 534 1018 aedium
567 962 652 1020 certe
684 961 763 1021 mali
794 962 986 1023 imminebat
1009 965 1099 1025 nihil.
1124 966 1168 1025 Ut
1192 967 1231 1025 ad
1255 981 1357 1040 pauca

174 1069 329 1129 redeam:
364 1086 498 1131 versum
530 1074 594 1132 380
625 1073 772 1148 spurium
802 1091 927 1153 censeo,
953 1093 1056 1151 neque
1079 1079 1111 1138 id
1134 1081 1204 1138 tam
1227 1082 1356 1154 propter

173 1183 323 1242 rationes
345 1186 527 1258 propositas
550 1201 648 1259 quam
671 1189 755 1260 quod
777 1191 851 1262 post
873 1189 968 1249 illud:

337 1296 464 1357 πάντοσε
487 1300 695 1379 παπταίνοντε,
718 1302 815 1378 φόνον
838 1301 1037 1384 ποτιδεγμένω
1061 1304 1118 1365 αἰεὶ

175 1411 296 1471 statim
320 1413 481 1486 sequitur:

333 1519 499 1603 ’πάπτηνεν
523 1521 553 1586 δ’
576 1522 717 1600 Ὀδυσεὺς
740 1524 809 1588 καθ’
836 1527 908 1590 {fido
932 1531 1036 1610 δόμον,
1057 1531 1114 1592 κτὲ.

223 1639 331 1698 Nimis
361 1639 489 1714 ingrata
520 1642 608 1702 enim
638 1642 694 1702 illa
724 1643 870 1704 ciusdem
898 1647 987 1704 verbi
1011 1648 1177 1721 repetitio;
1203 1649 1236 1707 et
1262 1648 1355 1722 Ulys-

176 1769 252 1813 sem
283 1755 598 1830 circumspicientem
625 1772 681 1831 per
704 1760 811 1817 toturn
835 1760 987 1819 conclave
1014 1761 1043 1820 si
1066 1762 1149 1822 forte
1172 1763 1357 1836 superesset

177 1860 298 1941 aliquis
315 1869 574 1929 adversariorum
594 1871 690 1944 atque
710 1871 744 1930 in
765 1871 871 1944 aliquo
885 1873 1088 1934 delitesceret
1100 1874 1217 1948 angulo
1230 1875 1356 1949 egregie

176 1981 260 2042 illud·
278 1982 385 2055 decet;
408 1998 506 2056 quam
526 1999 641 2058 pamm
663 1985 778 2058 aptum
798 1987 886 2044 esset
905 1986 1103 2061 supplicibus
1124 1988 1190 2047 iam
1203 1987 1355 2046 vidimus.

225 2211 289 2270 383
314 2225 382 2284 sqq.
420 2211 528 2270 Oculis
560 2226 635 2285 ergo
666 2214 773 2272 totum
796 2212 956 2272 lustrabat
980 2214 1131 2274 conclave
1154 2214 1302 2290 ulysses,
1328 2215 1356 2274 si

178 2325 263 2385 forte
286 2339 457 2398 procorum
480 2324 597 2397 aliquis
620 2325 717 2384 vivus
740 2325 840 2385 etiam
864 2327 1024 2401 surripere
1049 2343 1085 2388 se
1109 2330 1295 2388 conaretur:

335 2435 405 2508 τοὺς
429 2431 455 2496 δ’
483 2436 583 2497 irriso
606 2437 684 2515 μάλα
707 2438 821 2511 πάντας
845 2438 877 2499 ἕν
900 2439 1001 2517 αἵματι
1024 2439 1074 2500 καὶ
1098 2440 1214 2524 κονίῃσι

334 2551 492 2624 πεπτεότας
515 2551 643 2624 πολλοὺς
667 2552 706 2625 ὥς
728 2547 748 2613 τ’
776 2553 895 2632 ἲχθύας,
919 2554 972 2626 σάς
995 2550 1024 2614 θ’
1058 2552 1156 2634 ἁλιῆες

333 2671 435 2727 κοῖλον
458 2665 487 2738 ἐς
511 2664 647 2746 αἰγιαλὸν
669 2671 773 2744 πολιῆς
797 2665 919 2728 ἔκτοσθε
942 2667 1097 2745 θαλάσσης

337 2779 446 2864 δικτύῳ
469 2778 643 2859 ἐνδέουσαν.

223 2895 278 2954 Vs.
304 2895 368 2954 384
399 2895 525 2971 haereo,
558 2911 680 2969 vosque
712 2896 792 2955 nihil
816 2897 991 2956 annotasse
1014 2897 1123 2957 miror.
1148 2897 1273 2972 Ergone
1297 2913 1356 2956 vos

180 3026 244 3069 non
275 3009 410 3069 offendit
439 3007 600 3079 πάντας
624 3009 776 3079 πολλούςῖ)
808 3010 885 3069 Mihi
908 3010 986 3069 illud
1010 3010 1067 3070 vix
1091 3013 1124 3069 et
1146 3026 1186 3070 ne
1210 3011 1268 3069 vix
1291 3011 1357 3084 qui-

181 3125 255 3184 dem
289 3124 457 3184 ferendum
493 3123 629 3182 videtur.
666 3122 747 3183 (lum
782 3123 870 3183 enim
905 3125 1036 3183 omnino
1068 3125 1153 3183 haud
1183 3123 1278 3183 facile
1302 3124 1357 3183 illa

181 3239 265 3298 inter
288 3253 323 3297 se
346 3237 435 3310 iungi
457 3239 595 3310 possunt
618 3237 786 3312 adiectiva,
808 3240 880 3296 turn
900 3237 952 3296 hic
972 3237 1112 3296 alterum
1137 3238 1238 3298 altero
1258 3238 1359 3311 repel-

182 3351 258 3410 litur
281 3350 515 3425 respuiturque.
542 3349 721 3424 Quominus
744 3351 843 3409 simul
866 3351 1011 3410 ferantur
1035 3351 1143 3410 obstat
1167 3350 1357 3410 adverbium

182 3465 267 3540 μάλα,
293 3465 377 3538 quod
396 3465 505 3524 versui
529 3480 587 3524 suo
611 3464 695 3522 hanc
717 3464 784 3523 fere
808 3464 940 3539 praebet
963 3464 1178 3524 sententiam:
1206 3465 1260 3539 „at
1273 3466 1356 3524 vide-

182 3576 237 3636 bat
270 3577 404 3637 dubium
434 3593 499 3638 non
530 3593 602 3636 esse
627 3578 703 3651 quin
727 3593 841 3637 omnes
865 3579 1007 3638 iacerent
1032 3579 1222 3638 exanimes”
1251 3572 1281 3648 ¹).
1307 3579 1358 3638 Se-

183 3692 237 3765 qui
270 3707 356 3751 nunc
390 3707 455 3751 non
488 3692 592 3766 possit
623 3692 751 3761 πολλούς
782 3691 845 3750 nisi
876 3689 1039 3765 fingamus
1062 3692 1217 3767 Ulyssem
1241 3692 1280 3751 ab
1304 3692 1360 3752 illa

182 3806 445 3880 perscrutatione,
478 3820 577 3878 quarn
601 3821 679 3864 suae
703 3805 888 3865 securitatis
917 3820 1015 3864 causa
1040 3807 1227 3882 instituerit,
1252 3807 1358 3866 subito

183 3935 217 3980 se
252 3920 292 3979 ad
327 3918 577 3979 admirationem
608 3919 727 3992 stragis
758 3933 777 3977 a
808 3933 843 3977 se
867 3918 972 3978 editae
996 3921 1249 3994 convertentem,
1275 3921 1358 3993 quod

183 4034 341 4094 absonum
374 4033 512 4092 videtur.
548 4034 615 4092 Aut
650 4047 725 4106 ergo
756 4031 883 4100 πολλούς
915 4033 1102 4105 corruptum
1130 4034 1189 4107 est,
1216 4034 1272 4091 aut
1294 4048 1359 4092 una

183 4148 238 4207 illa
280 4163 358 4207 voce
399 4147 452 4204 vel
487 4145 633 4205 maxime
668 4144 878 4205 confirmatur
911 4145 1013 4205 Fickii
1048 4146 1210 4206 sententia
1244 4160 1359 4205 versus

213 4434 228 4484 ¹)
243 4433 279 4476 De
292 4433 411 4486 peculiari
427 4432 470 4476 illo
488 4433 575 4486 colore,
590 4441 664 4484 quem
686 4441 759 4484 saepe
773 4433 834 4484 μάλα
850 4433 990 4476 sententiae
1009 4433 1135 4488 praebeat·
1149 4432 1210 4475 olim
1224 4429 1277 4472 dixi
1292 4442 1363 4484 quae·

186 4506 243 4550 dam
258 4506 316 4550 hinc
330 4518 380 4550 non
396 4506 479 4551 aliena
493 4506 520 4550 in
535 4505 601 4550 Slud.
613 4505 751 4558 Antiphoni.
765 4515 787 4558 p.
802 4505 828 4550 10
843 4517 894 4558 sqq.
