<?xml version="1.0" encoding="UTF-8"?>
<!DOCTYPE html PUBLIC "-//W3C//DTD XHTML 1.0 Transitional//EN"
    "http://www.w3.org/TR/xhtml1/DTD/xhtml1-transitional.dtd">
<html xmlns="http://www.w3.org/1999/xhtml" xml:lang="en" lang="en">
 <head>
  <title>
</title>
<meta http-equiv="Content-Type" content="text/html;charset=utf-8" />
  <meta name='ocr-system' content='tesseract 3.04.00' />
  <meta name='ocr-capabilities' content='ocr_page ocr_carea ocr_par ocr_line ocrx_word'/>
</head>
<body>
  <div class='ocr_page' id='page_1' title='image "./epistolacritica00costgoog_0075.png"; bbox 0 0 3270 5262; ppageno 0'>
   <div class='ocr_carea' id='block_1_1' title="bbox 824 685 865 744">
    <p class='ocr_par' dir='ltr' id='par_1_1' title="bbox 824 685 865 744">
     <span class='ocr_line' id='line_1_1' title="bbox 824 685 865 744; baseline 0 0"><span class='ocrx_word' id='word_1_1' title='bbox 824 685 865 744; x_wconf 89' lang='grc'>66</span> 
     </span>
    </p>
   </div>
   <div class='ocr_carea' id='block_1_2' title="bbox 254 867 1451 1062">
    <p class='ocr_par' dir='ltr' id='par_1_2' title="bbox 254 867 1451 1062">
     <span class='ocr_line' id='line_1_2' title="bbox 256 867 1451 953; baseline 0.003 -21"><span class='ocrx_word' id='word_1_2' title='bbox 256 872 367 953; x_wconf 78' lang='grc' dir='ltr'><strong><em>ἀγαθή,</em></strong></span> <span class='ocrx_word' id='word_1_3' title='bbox 401 875 485 949; x_wconf 89' lang='lat' dir='ltr'>quod</span> <span class='ocrx_word' id='word_1_4' title='bbox 520 888 617 946; x_wconf 87' lang='lat' dir='ltr'>supra</span> <span class='ocrx_word' id='word_1_5' title='bbox 650 867 743 947; x_wconf 74' lang='grc' dir='ltr'><strong><em>ἐσθλή</em></strong></span> <span class='ocrx_word' id='word_1_6' title='bbox 778 873 1010 946; x_wconf 89' lang='lat' dir='ltr'>interpretandi</span> <span class='ocrx_word' id='word_1_7' title='bbox 1045 889 1143 934; x_wconf 86' lang='lat' dir='ltr'>causa</span> <span class='ocrx_word' id='word_1_8' title='bbox 1174 874 1316 949; x_wconf 84' lang='lat' dir='ltr'>positum</span> <span class='ocrx_word' id='word_1_9' title='bbox 1347 879 1451 952; x_wconf 68' lang='lat' dir='ltr'>erat,</span> 
     </span>
     <span class='ocr_line' id='line_1_3' title="bbox 254 985 1053 1062; baseline -0.003 -14"><span class='ocrx_word' id='word_1_10' title='bbox 254 990 429 1062; x_wconf 87' lang='lat' dir='ltr'>utcumque</span> <span class='ocrx_word' id='word_1_11' title='bbox 453 989 573 1047; x_wconf 89' lang='lat' dir='ltr'>iustam</span> <span class='ocrx_word' id='word_1_12' title='bbox 597 985 704 1045; x_wconf 85' lang='lat' dir='ltr'>effecit</span> <span class='ocrx_word' id='word_1_13' title='bbox 727 1000 841 1044; x_wconf 88' lang='lat' dir='ltr'>versus</span> <span class='ocrx_word' id='word_1_14' title='bbox 865 986 1053 1046; x_wconf 85' lang='lat' dir='ltr'>clausulam.</span> 
     </span>
    </p>
   </div>
   <div class='ocr_carea' id='block_1_3' title="bbox 209 1222 1432 4021">
    <p class='ocr_par' dir='ltr' id='par_1_3' title="bbox 209 1222 1432 1967">
     <span class='ocr_line' id='line_1_4' title="bbox 298 1222 1430 1296; baseline -0.002 -10"><span class='ocrx_word' id='word_1_15' title='bbox 298 1228 362 1286; x_wconf 82' lang='lat'>445</span> <span class='ocrx_word' id='word_1_16' title='bbox 397 1223 575 1283; x_wconf 81' lang='lat' dir='ltr'>Phoenissa</span> <span class='ocrx_word' id='word_1_17' title='bbox 609 1222 734 1296; x_wconf 90' lang='lat' dir='ltr'>mulier,</span> <span class='ocrx_word' id='word_1_18' title='bbox 768 1222 819 1281; x_wconf 92' lang='lat' dir='ltr'>cui</span> <span class='ocrx_word' id='word_1_19' title='bbox 849 1237 884 1280; x_wconf 89' lang='lat' dir='ltr'>se</span> <span class='ocrx_word' id='word_1_20' title='bbox 916 1238 1052 1296; x_wconf 87' lang='lat' dir='ltr'>puerum</span> <span class='ocrx_word' id='word_1_21' title='bbox 1083 1224 1296 1283; x_wconf 89' lang='lat' dir='ltr'>commissum</span> <span class='ocrx_word' id='word_1_22' title='bbox 1326 1224 1430 1284; x_wconf 87' lang='lat' dir='ltr'>fuisse</span> 
     </span>
     <span class='ocr_line' id='line_1_5' title="bbox 253 1337 1429 1414; baseline -0.003 -13"><span class='ocrx_word' id='word_1_23' title='bbox 253 1342 415 1401; x_wconf 83' lang='lat' dir='ltr'>Eumaeus</span> <span class='ocrx_word' id='word_1_24' title='bbox 446 1340 565 1412; x_wconf 88' lang='lat' dir='ltr'>narrat,</span> <span class='ocrx_word' id='word_1_25' title='bbox 599 1352 674 1395; x_wconf 91' lang='lat' dir='ltr'>cum</span> <span class='ocrx_word' id='word_1_26' title='bbox 704 1337 828 1396; x_wconf 87' lang='lat' dir='ltr'>rectore</span> <span class='ocrx_word' id='word_1_27' title='bbox 859 1337 1050 1396; x_wconf 90' lang='lat' dir='ltr'>Phoeniciae</span> <span class='ocrx_word' id='word_1_28' title='bbox 1081 1337 1184 1414; x_wconf 90' lang='lat' dir='ltr'>navis,</span> <span class='ocrx_word' id='word_1_29' title='bbox 1213 1338 1295 1398; x_wconf 83' lang='lat' dir='ltr'>forte</span> <span class='ocrx_word' id='word_1_30' title='bbox 1318 1339 1358 1398; x_wconf 91' lang='lat' dir='ltr'>ad</span> <span class='ocrx_word' id='word_1_31' title='bbox 1381 1339 1429 1398; x_wconf 92' lang='lat' dir='ltr'>in·</span> 
     </span>
     <span class='ocr_line' id='line_1_6' title="bbox 253 1450 1431 1526; baseline 0.001 -14"><span class='ocrx_word' id='word_1_32' title='bbox 253 1453 360 1513; x_wconf 90' lang='lat' dir='ltr'>sulam</span> <span class='ocrx_word' id='word_1_33' title='bbox 395 1452 464 1511; x_wconf 84' lang='lat' dir='ltr'>eius</span> <span class='ocrx_word' id='word_1_34' title='bbox 495 1450 695 1524; x_wconf 74' lang='lat' dir='ltr'>appellantia,</span> <span class='ocrx_word' id='word_1_35' title='bbox 727 1451 902 1524; x_wconf 79' lang='lat' dir='ltr'>paciscitur</span> <span class='ocrx_word' id='word_1_36' title='bbox 931 1452 969 1509; x_wconf 89' lang='lat' dir='ltr'>ut</span> <span class='ocrx_word' id='word_1_37' title='bbox 998 1451 1069 1524; x_wconf 90' lang='lat' dir='ltr'>ipsa</span> <span class='ocrx_word' id='word_1_38' title='bbox 1099 1452 1132 1512; x_wconf 91' lang='lat' dir='ltr'>in</span> <span class='ocrx_word' id='word_1_39' title='bbox 1161 1453 1302 1526; x_wconf 90' lang='lat' dir='ltr'>patriam</span> <span class='ocrx_word' id='word_1_40' title='bbox 1332 1469 1431 1513; x_wconf 90' lang='lat' dir='ltr'>suam</span> 
     </span>
     <span class='ocr_line' id='line_1_7' title="bbox 252 1562 1431 1640; baseline 0.002 -15"><span class='ocrx_word' id='word_1_41' title='bbox 252 1566 432 1640; x_wconf 79' lang='lat' dir='ltr'>reducatur,</span> <span class='ocrx_word' id='word_1_42' title='bbox 464 1566 536 1623; x_wconf 90' lang='lat' dir='ltr'>tum</span> <span class='ocrx_word' id='word_1_43' title='bbox 566 1579 601 1622; x_wconf 90' lang='lat' dir='ltr'>se</span> <span class='ocrx_word' id='word_1_44' title='bbox 632 1579 768 1637; x_wconf 91' lang='lat' dir='ltr'>puerum</span> <span class='ocrx_word' id='word_1_45' title='bbox 801 1563 902 1638; x_wconf 90' lang='lat' dir='ltr'>illum,</span> <span class='ocrx_word' id='word_1_46' title='bbox 927 1563 1013 1636; x_wconf 85' lang='lat' dir='ltr'>regis</span> <span class='ocrx_word' id='word_1_47' title='bbox 1036 1562 1181 1639; x_wconf 88' lang='lat' dir='ltr'>filiolum,</span> <span class='ocrx_word' id='word_1_48' title='bbox 1206 1581 1318 1625; x_wconf 88' lang='lat' dir='ltr'>secum</span> <span class='ocrx_word' id='word_1_49' title='bbox 1342 1567 1431 1626; x_wconf 87' lang='lat' dir='ltr'>clam</span> 
     </span>
     <span class='ocr_line' id='line_1_8' title="bbox 253 1676 1432 1750; baseline 0.001 -11"><span class='ocrx_word' id='word_1_50' title='bbox 253 1679 462 1739; x_wconf 88' lang='lat' dir='ltr'>abducturam</span> <span class='ocrx_word' id='word_1_51' title='bbox 501 1679 538 1736; x_wconf 92' lang='lat' dir='ltr'>ut</span> <span class='ocrx_word' id='word_1_52' title='bbox 574 1677 668 1750; x_wconf 85' lang='lat' dir='ltr'>longe</span> <span class='ocrx_word' id='word_1_53' title='bbox 703 1692 722 1736; x_wconf 90' lang='lat' dir='ltr'>a</span> <span class='ocrx_word' id='word_1_54' title='bbox 756 1676 942 1750; x_wconf 91' lang='lat' dir='ltr'>parentibus</span> <span class='ocrx_word' id='word_1_55' title='bbox 977 1680 1110 1736; x_wconf 86' lang='lat' dir='ltr'>veneat:</span> <span class='ocrx_word' id='word_1_56' title='bbox 1147 1678 1305 1739; x_wconf 89' lang='lat' dir='ltr'>eiusmodi</span> <span class='ocrx_word' id='word_1_57' title='bbox 1339 1681 1432 1740; x_wconf 91' lang='lat' dir='ltr'>enim</span> 
     </span>
     <span class='ocr_line' id='line_1_9' title="bbox 253 1789 1432 1868; baseline 0.001 -16"><span class='ocrx_word' id='word_1_58' title='bbox 253 1807 389 1868; x_wconf 89' lang='lat' dir='ltr'>puerum</span> <span class='ocrx_word' id='word_1_59' title='bbox 419 1807 491 1851; x_wconf 87' lang='lat' dir='ltr'>esse</span> <span class='ocrx_word' id='word_1_60' title='bbox 522 1790 614 1850; x_wconf 91' lang='lat' dir='ltr'>illum</span> <span class='ocrx_word' id='word_1_61' title='bbox 646 1805 663 1849; x_wconf 90' lang='lat' dir='ltr'>e</span> <span class='ocrx_word' id='word_1_62' title='bbox 694 1804 756 1863; x_wconf 91' lang='lat' dir='ltr'>quo</span> <span class='ocrx_word' id='word_1_63' title='bbox 780 1805 936 1864; x_wconf 83' lang='lat' dir='ltr'>magnum</span> <span class='ocrx_word' id='word_1_64' title='bbox 959 1789 1029 1849; x_wconf 91' lang='lat' dir='ltr'>fleri</span> <span class='ocrx_word' id='word_1_65' title='bbox 1052 1791 1178 1850; x_wconf 92' lang='lat' dir='ltr'>lucrum</span> <span class='ocrx_word' id='word_1_66' title='bbox 1200 1794 1313 1866; x_wconf 88' lang='lat' dir='ltr'>possit.</span> <span class='ocrx_word' id='word_1_67' title='bbox 1338 1793 1432 1853; x_wconf 88' lang='lat' dir='ltr'>Haec</span> 
     </span>
     <span class='ocr_line' id='line_1_10' title="bbox 209 1903 703 1967; baseline -0.01 0"><span class='ocrx_word' id='word_1_68' title='bbox 209 1935 210 1938; x_wconf 37' lang='lat'>¹</span> <span class='ocrx_word' id='word_1_69' title='bbox 252 1909 363 1967; x_wconf 90' lang='lat' dir='ltr'>autem</span> <span class='ocrx_word' id='word_1_70' title='bbox 387 1906 474 1964; x_wconf 89' lang='lat' dir='ltr'>cives</span> <span class='ocrx_word' id='word_1_71' title='bbox 498 1919 574 1964; x_wconf 90' lang='lat' dir='ltr'>suos</span> <span class='ocrx_word' id='word_1_72' title='bbox 599 1903 703 1963; x_wconf 91' lang='lat' dir='ltr'>iubet:</span> 
     </span>
    </p>

    <p class='ocr_par' dir='ltr' id='par_1_4' title="bbox 386 2009 1300 2096">
     <span class='ocr_line' id='line_1_11' title="bbox 386 2009 1300 2096; baseline 0.001 -18"><span class='ocrx_word' id='word_1_73' title='bbox 386 2013 449 2078; x_wconf 80' lang='grc' dir='ltr'><strong><em>ἀλλ’</em></strong></span> <span class='ocrx_word' id='word_1_74' title='bbox 475 2010 548 2095; x_wconf 73' lang='grc' dir='ltr'><em>ἔχετ’</em></span> <span class='ocrx_word' id='word_1_75' title='bbox 574 2014 606 2076; x_wconf 76' lang='grc' dir='ltr'>ἐν</span> <span class='ocrx_word' id='word_1_76' title='bbox 630 2013 717 2094; x_wconf 82' lang='grc' dir='ltr'><strong><em>φρεσὶ</em></strong></span> <span class='ocrx_word' id='word_1_77' title='bbox 740 2022 852 2094; x_wconf 81' lang='grc' dir='ltr'><strong><em>μῦθον,</em></strong></span> <span class='ocrx_word' id='word_1_78' title='bbox 874 2014 998 2096; x_wconf 77' lang='grc' dir='ltr'><strong><em>ἐπείγετε</em></strong></span> <span class='ocrx_word' id='word_1_79' title='bbox 1021 2012 1050 2077; x_wconf 85' lang='grc' dir='ltr'>δ’</span> <span class='ocrx_word' id='word_1_80' title='bbox 1079 2009 1157 2078; x_wconf 83' lang='grc' dir='ltr'><strong><em>ὦνον</em></strong></span> <span class='ocrx_word' id='word_1_81' title='bbox 1181 2015 1300 2079; x_wconf 85' lang='grc' dir='ltr'><strong><em>ὁδαίων.</em></strong></span> 
     </span>
    </p>

    <p class='ocr_par' dir='ltr' id='par_1_5' title="bbox 250 2121 1429 3112">
     <span class='ocr_line' id='line_1_12' title="bbox 297 2121 1429 2208; baseline 0.004 -17"><span class='ocrx_word' id='word_1_82' title='bbox 297 2133 460 2193; x_wconf 90' lang='lat' dir='ltr'>Vocabula</span> <span class='ocrx_word' id='word_1_83' title='bbox 491 2121 570 2190; x_wconf 91' lang='grc' dir='ltr'><strong><em>ὦνον</em></strong></span> <span class='ocrx_word' id='word_1_84' title='bbox 597 2127 708 2190; x_wconf 85' lang='grc' dir='ltr'><strong><em>ὁδαίων</em></strong></span> <span class='ocrx_word' id='word_1_85' title='bbox 732 2131 779 2190; x_wconf 90' lang='lat' dir='ltr'>sic</span> <span class='ocrx_word' id='word_1_86' title='bbox 802 2132 930 2191; x_wconf 88' lang='lat' dir='ltr'>vertitis</span> <span class='ocrx_word' id='word_1_87' title='bbox 956 2134 1174 2208; x_wconf 87' lang='lat' dir='ltr'>,emptionem</span> <span class='ocrx_word' id='word_1_88' title='bbox 1198 2135 1355 2194; x_wconf 89' lang='lat' dir='ltr'>mercium</span> <span class='ocrx_word' id='word_1_89' title='bbox 1380 2152 1429 2195; x_wconf 89' lang='lat' dir='ltr'>re-</span> 
     </span>
     <span class='ocr_line' id='line_1_13' title="bbox 252 2236 1428 2325; baseline 0 -18"><span class='ocrx_word' id='word_1_90' title='bbox 252 2246 514 2322; x_wconf 88' lang='lat' dir='ltr'>portandarum,&#39;’</span> <span class='ocrx_word' id='word_1_91' title='bbox 536 2245 593 2303; x_wconf 85' lang='lat' dir='ltr'>vix</span> <span class='ocrx_word' id='word_1_92' title='bbox 612 2245 707 2319; x_wconf 87' lang='lat' dir='ltr'>recte,</span> <span class='ocrx_word' id='word_1_93' title='bbox 729 2245 766 2302; x_wconf 93' lang='lat' dir='ltr'>ut</span> <span class='ocrx_word' id='word_1_94' title='bbox 785 2245 905 2317; x_wconf 89' lang='lat' dir='ltr'>opinor.</span> <span class='ocrx_word' id='word_1_95' title='bbox 919 2245 977 2304; x_wconf 83' lang='lat' dir='ltr'>Est</span> <span class='ocrx_word' id='word_1_96' title='bbox 989 2246 1076 2304; x_wconf 91' lang='lat' dir='ltr'>enim</span> <span class='ocrx_word' id='word_1_97' title='bbox 1090 2236 1165 2316; x_wconf 83' lang='grc' dir='ltr'><strong><em>ὦνος</em></strong></span> <span class='ocrx_word' id='word_1_98' title='bbox 1177 2261 1241 2305; x_wconf 92' lang='lat' dir='ltr'>non</span> <span class='ocrx_word' id='word_1_99' title='bbox 1258 2248 1428 2325; x_wconf 88' lang='lat' dir='ltr'>emptio,</span> 
     </span>
     <span class='ocr_line' id='line_1_14' title="bbox 252 2351 1429 2435; baseline 0 -14"><span class='ocrx_word' id='word_1_100' title='bbox 252 2363 309 2421; x_wconf 89' lang='lat' dir='ltr'>sed</span> <span class='ocrx_word' id='word_1_101' title='bbox 338 2359 522 2435; x_wconf 89' lang='lat' dir='ltr'>pretium</span> <span class='ocrx_word' id='word_1_102' title='bbox 553 2373 614 2431; x_wconf 90' lang='lat' dir='ltr'>quo</span> <span class='ocrx_word' id='word_1_103' title='bbox 643 2359 770 2432; x_wconf 89' lang='lat' dir='ltr'>emitur,</span> <span class='ocrx_word' id='word_1_104' title='bbox 797 2357 835 2416; x_wconf 85' lang='lat' dir='ltr'>cf.</span> <span class='ocrx_word' id='word_1_105' title='bbox 861 2373 908 2416; x_wconf 92' lang='lat' dir='ltr'>vs.</span> <span class='ocrx_word' id='word_1_106' title='bbox 934 2359 999 2417; x_wconf 83' lang='grc'>429</span> <span class='ocrx_word' id='word_1_107' title='bbox 1023 2353 1039 2416; x_wconf 80' lang='grc' dir='ltr'>ὃ</span> <span class='ocrx_word' id='word_1_108' title='bbox 1063 2353 1090 2417; x_wconf 86' lang='grc' dir='ltr'>δ’</span> <span class='ocrx_word' id='word_1_109' title='bbox 1117 2355 1201 2431; x_wconf 75' lang='grc' dir='ltr'><strong><em>ἄξιον</em></strong></span> <span class='ocrx_word' id='word_1_110' title='bbox 1224 2351 1303 2420; x_wconf 88' lang='grc' dir='ltr'><strong><em>ὦνον</em></strong></span> <span class='ocrx_word' id='word_1_111' title='bbox 1327 2358 1429 2421; x_wconf 76' lang='grc' dir='ltr'><strong><em>ἔδωκε.</em></strong></span> 
     </span>
     <span class='ocr_line' id='line_1_15' title="bbox 251 2462 1428 2552; baseline 0 -18"><span class='ocrx_word' id='word_1_112' title='bbox 251 2476 333 2549; x_wconf 83' lang='lat' dir='ltr'>Ergo</span> <span class='ocrx_word' id='word_1_113' title='bbox 364 2470 488 2552; x_wconf 76' lang='grc' dir='ltr'><strong><em>ἐπείγετε</em></strong></span> <span class='ocrx_word' id='word_1_114' title='bbox 520 2465 547 2530; x_wconf 89' lang='grc' dir='ltr'>δ’</span> <span class='ocrx_word' id='word_1_115' title='bbox 583 2462 661 2530; x_wconf 82' lang='grc' dir='ltr'><strong><em>ὦνον</em></strong></span> <span class='ocrx_word' id='word_1_116' title='bbox 692 2467 803 2529; x_wconf 81' lang='grc' dir='ltr'><strong><em>ὁδαίων</em></strong></span> <span class='ocrx_word' id='word_1_117' title='bbox 834 2471 881 2530; x_wconf 92' lang='lat' dir='ltr'>sic</span> <span class='ocrx_word' id='word_1_118' title='bbox 913 2472 1083 2531; x_wconf 84' lang='lat' dir='ltr'>verterim:</span> <span class='ocrx_word' id='word_1_119' title='bbox 1118 2473 1234 2548; x_wconf 85' lang='lat' dir='ltr'>,facite</span> <span class='ocrx_word' id='word_1_120' title='bbox 1264 2476 1301 2534; x_wconf 91' lang='lat' dir='ltr'>ut</span> <span class='ocrx_word' id='word_1_121' title='bbox 1328 2490 1428 2548; x_wconf 88' lang='lat' dir='ltr'>quarn</span> 
     </span>
     <span class='ocr_line' id='line_1_16' title="bbox 250 2585 1426 2666; baseline 0.001 -19"><span class='ocrx_word' id='word_1_122' title='bbox 250 2589 392 2662; x_wconf 88' lang='lat' dir='ltr'>primum</span> <span class='ocrx_word' id='word_1_123' title='bbox 423 2587 462 2646; x_wconf 91' lang='lat' dir='ltr'>ab</span> <span class='ocrx_word' id='word_1_124' title='bbox 494 2587 590 2644; x_wconf 92' lang='lat' dir='ltr'>huius</span> <span class='ocrx_word' id='word_1_125' title='bbox 620 2589 726 2644; x_wconf 87' lang='lat' dir='ltr'>terrae</span> <span class='ocrx_word' id='word_1_126' title='bbox 749 2585 862 2645; x_wconf 91' lang='lat' dir='ltr'>incolis</span> <span class='ocrx_word' id='word_1_127' title='bbox 886 2601 1003 2661; x_wconf 91' lang='lat' dir='ltr'>rerum,</span> <span class='ocrx_word' id='word_1_128' title='bbox 1030 2602 1109 2659; x_wconf 89' lang='lat' dir='ltr'>quas</span> <span class='ocrx_word' id='word_1_129' title='bbox 1132 2588 1265 2647; x_wconf 85' lang='lat' dir='ltr'>venales</span> <span class='ocrx_word' id='word_1_130' title='bbox 1289 2589 1426 2666; x_wconf 74' lang='lat' dir='ltr'>habetis</span> 
     </span>
     <span class='ocr_line' id='line_1_17' title="bbox 251 2697 1428 2776; baseline 0.001 -15"><span class='ocrx_word' id='word_1_131' title='bbox 251 2701 453 2776; x_wconf 88' lang='lat' dir='ltr'>persolutum</span> <span class='ocrx_word' id='word_1_132' title='bbox 471 2699 564 2757; x_wconf 91' lang='lat' dir='ltr'>vobis</span> <span class='ocrx_word' id='word_1_133' title='bbox 583 2697 627 2757; x_wconf 91' lang='lat' dir='ltr'>sit</span> <span class='ocrx_word' id='word_1_134' title='bbox 646 2698 807 2772; x_wconf 89' lang='lat' dir='ltr'>pretium&#39;&#39;</span> <span class='ocrx_word' id='word_1_135' title='bbox 828 2698 898 2756; x_wconf 90' lang='lat' dir='ltr'>sive</span> <span class='ocrx_word' id='word_1_136' title='bbox 920 2698 1035 2773; x_wconf 86' lang='lat' dir='ltr'>,facite</span> <span class='ocrx_word' id='word_1_137' title='bbox 1055 2702 1091 2758; x_wconf 87' lang='lat' dir='ltr'>ut</span> <span class='ocrx_word' id='word_1_138' title='bbox 1110 2700 1144 2757; x_wconf 93' lang='lat' dir='ltr'>hi</span> <span class='ocrx_word' id='word_1_139' title='bbox 1164 2700 1312 2760; x_wconf 88' lang='lat' dir='ltr'>homines</span> <span class='ocrx_word' id='word_1_140' title='bbox 1327 2717 1428 2776; x_wconf 87' lang='lat' dir='ltr'>quam</span> 
     </span>
     <span class='ocr_line' id='line_1_18' title="bbox 250 2812 1426 2891; baseline 0.004 -18"><span class='ocrx_word' id='word_1_141' title='bbox 250 2816 392 2889; x_wconf 90' lang='lat' dir='ltr'>primum</span> <span class='ocrx_word' id='word_1_142' title='bbox 426 2829 485 2872; x_wconf 91' lang='lat' dir='ltr'>vos</span> <span class='ocrx_word' id='word_1_143' title='bbox 520 2813 722 2872; x_wconf 90' lang='lat' dir='ltr'>absolvant.’&#39;</span> <span class='ocrx_word' id='word_1_144' title='bbox 755 2812 922 2872; x_wconf 86' lang='lat' dir='ltr'>Sententia</span> <span class='ocrx_word' id='word_1_145' title='bbox 952 2815 1064 2873; x_wconf 89' lang='lat' dir='ltr'>tamen</span> <span class='ocrx_word' id='word_1_146' title='bbox 1093 2815 1206 2874; x_wconf 89' lang='lat' dir='ltr'>eodem</span> <span class='ocrx_word' id='word_1_147' title='bbox 1238 2817 1336 2876; x_wconf 90' lang='lat' dir='ltr'>redit:</span> <span class='ocrx_word' id='word_1_148' title='bbox 1368 2834 1426 2891; x_wconf 92' lang='lat' dir='ltr'>pro</span> 
     </span>
     <span class='ocr_line' id='line_1_19' title="bbox 250 2926 1426 3004; baseline 0.001 -16"><span class='ocrx_word' id='word_1_149' title='bbox 250 2929 353 3004; x_wconf 88' lang='lat' dir='ltr'>pretio</span> <span class='ocrx_word' id='word_1_150' title='bbox 384 2929 471 2988; x_wconf 87' lang='lat' dir='ltr'>enim</span> <span class='ocrx_word' id='word_1_151' title='bbox 499 2926 675 2986; x_wconf 85' lang='lat' dir='ltr'>Phoenices</span> <span class='ocrx_word' id='word_1_152' title='bbox 700 2926 861 3000; x_wconf 89' lang='lat' dir='ltr'>accipiunt</span> <span class='ocrx_word' id='word_1_153' title='bbox 884 2942 948 2986; x_wconf 92' lang='lat' dir='ltr'>non</span> <span class='ocrx_word' id='word_1_154' title='bbox 972 2943 1087 2987; x_wconf 88' lang='lat' dir='ltr'>aurum</span> <span class='ocrx_word' id='word_1_155' title='bbox 1111 2931 1345 3003; x_wconf 85' lang='lat' dir='ltr'>argentumque</span> <span class='ocrx_word' id='word_1_156' title='bbox 1368 2931 1426 2990; x_wconf 87' lang='lat' dir='ltr'>sed</span> 
     </span>
     <span class='ocr_line' id='line_1_20' title="bbox 250 3017 1101 3112; baseline -0.001 -11"><span class='ocrx_word' id='word_1_157' title='bbox 250 3042 460 3101; x_wconf 85' lang='lat' dir='ltr'>frumentum.</span> <span class='ocrx_word' id='word_1_158' title='bbox 486 3039 556 3099; x_wconf 88' lang='lat' dir='ltr'>Hoc</span> <span class='ocrx_word' id='word_1_159' title='bbox 579 3041 629 3098; x_wconf 89' lang='lat' dir='ltr'>est</span> <span class='ocrx_word' id='word_1_160' title='bbox 653 3040 736 3112; x_wconf 92' lang='lat' dir='ltr'>quod</span> <span class='ocrx_word' id='word_1_161' title='bbox 758 3017 856 3099; x_wconf 87' lang='lat' dir='ltr'>versu</span> <span class='ocrx_word' id='word_1_162' title='bbox 880 3041 944 3100; x_wconf 84' lang='grc'>456</span> <span class='ocrx_word' id='word_1_163' title='bbox 969 3040 1101 3100; x_wconf 87' lang='lat' dir='ltr'>dicitur:</span> 
     </span>
    </p>

    <p class='ocr_par' dir='ltr' id='par_1_6' title="bbox 473 3149 1202 3236">
     <span class='ocr_line' id='line_1_21' title="bbox 473 3149 1202 3236; baseline 0.003 -24"><span class='ocrx_word' id='word_1_164' title='bbox 473 3150 505 3212; x_wconf 81' lang='grc' dir='ltr'>ἕν</span> <span class='ocrx_word' id='word_1_165' title='bbox 528 3149 579 3231; x_wconf 81' lang='grc' dir='ltr'>νηὶ</span> <span class='ocrx_word' id='word_1_166' title='bbox 606 3156 745 3236; x_wconf 70' lang='grc' dir='ltr'><strong><em>γλαφυρῇ</em></strong></span> <span class='ocrx_word' id='word_1_167' title='bbox 768 3151 869 3232; x_wconf 80' lang='grc' dir='ltr'><strong><em>βίοτον</em></strong></span> <span class='ocrx_word' id='word_1_168' title='bbox 892 3152 988 3213; x_wconf 82' lang='grc' dir='ltr'><strong><em>πολὺν</em></strong></span> <span class='ocrx_word' id='word_1_169' title='bbox 1012 3151 1202 3231; x_wconf 78' lang='grc' dir='ltr'><strong><em>ἐμπολοίοντο.</em></strong></span> 
     </span>
    </p>

    <p class='ocr_par' dir='ltr' id='par_1_7' title="bbox 296 3378 1426 3457">
     <span class='ocr_line' id='line_1_22' title="bbox 296 3378 1426 3457; baseline 0.002 -17"><span class='ocrx_word' id='word_1_170' title='bbox 296 3381 358 3440; x_wconf 81' lang='grc'>457</span> <span class='ocrx_word' id='word_1_171' title='bbox 392 3381 429 3438; x_wconf 92' lang='lat' dir='ltr'>In</span> <span class='ocrx_word' id='word_1_172' title='bbox 460 3393 578 3438; x_wconf 84' lang='lat' dir='ltr'>narem</span> <span class='ocrx_word' id='word_1_173' title='bbox 610 3393 684 3451; x_wconf 85' lang='lat' dir='ltr'>ergo</span> <span class='ocrx_word' id='word_1_174' title='bbox 715 3378 892 3437; x_wconf 88' lang='lat' dir='ltr'>Phoenices</span> <span class='ocrx_word' id='word_1_175' title='bbox 916 3378 1118 3438; x_wconf 84' lang='lat' dir='ltr'>frumentum</span> <span class='ocrx_word' id='word_1_176' title='bbox 1141 3380 1219 3440; x_wconf 92' lang='lat' dir='ltr'>illud</span> <span class='ocrx_word' id='word_1_177' title='bbox 1242 3397 1299 3456; x_wconf 90' lang='lat' dir='ltr'>pro</span> <span class='ocrx_word' id='word_1_178' title='bbox 1322 3383 1426 3457; x_wconf 87' lang='lat' dir='ltr'>pretio</span> 
     </span>
    </p>

    <p class='ocr_par' dir='ltr' id='par_1_8' title="bbox 251 3490 1255 3683">
     <span class='ocr_line' id='line_1_23' title="bbox 251 3490 820 3567; baseline -0.007 -13"><span class='ocrx_word' id='word_1_179' title='bbox 251 3496 419 3567; x_wconf 87' lang='lat' dir='ltr'>acceptum</span> <span class='ocrx_word' id='word_1_180' title='bbox 444 3491 627 3552; x_wconf 86' lang='lat' dir='ltr'>coniiciunt.</span> <span class='ocrx_word' id='word_1_181' title='bbox 653 3490 820 3565; x_wconf 84' lang='lat' dir='ltr'>Sequitur:</span> 
     </span>
     <span class='ocr_line' id='line_1_24' title="bbox 471 3598 1255 3683; baseline 0.005 -21"><span class='ocrx_word' id='word_1_182' title='bbox 471 3598 533 3663; x_wconf 74' lang='grc' dir='ltr'><strong><em>ἀλλ’</em></strong></span> <span class='ocrx_word' id='word_1_183' title='bbox 561 3603 607 3664; x_wconf 79' lang='grc' dir='ltr'>ὅτε</span> <span class='ocrx_word' id='word_1_184' title='bbox 630 3602 667 3681; x_wconf 80' lang='grc' dir='ltr'>δὴ</span> <span class='ocrx_word' id='word_1_185' title='bbox 691 3603 775 3681; x_wconf 75' lang='grc' dir='ltr'><strong><em>κοίλη</em></strong></span> <span class='ocrx_word' id='word_1_186' title='bbox 798 3612 873 3682; x_wconf 83' lang='grc' dir='ltr'><strong><em>νηῦς</em></strong></span> <span class='ocrx_word' id='word_1_187' title='bbox 896 3601 1003 3683; x_wconf 75' lang='grc' dir='ltr'><strong><em>ἤχθεῑο</em></strong></span> <span class='ocrx_word' id='word_1_188' title='bbox 1026 3610 1100 3665; x_wconf 80' lang='grc' dir='ltr'><strong><em>τοῖσι</em></strong></span> <span class='ocrx_word' id='word_1_189' title='bbox 1124 3603 1255 3666; x_wconf 76' lang='grc' dir='ltr'><strong><em>νέεσθαι,</em></strong></span> 
     </span>
    </p>

    <p class='ocr_par' dir='ltr' id='par_1_9' title="bbox 249 3715 1425 4021">
     <span class='ocr_line' id='line_1_25' title="bbox 296 3715 1425 3796; baseline 0.002 -16"><span class='ocrx_word' id='word_1_190' title='bbox 296 3721 375 3796; x_wconf 80' lang='lat' dir='ltr'>Quid</span> <span class='ocrx_word' id='word_1_191' title='bbox 410 3719 496 3779; x_wconf 91' lang='lat' dir='ltr'>istud</span> <span class='ocrx_word' id='word_1_192' title='bbox 529 3726 604 3795; x_wconf 81' lang='grc' dir='ltr'><strong><em>νηῦς</em></strong></span> <span class='ocrx_word' id='word_1_193' title='bbox 639 3715 746 3796; x_wconf 75' lang='grc' dir='ltr'><strong><em>ἤχθετο</em></strong></span> <span class='ocrx_word' id='word_1_194' title='bbox 777 3723 851 3777; x_wconf 81' lang='grc' dir='ltr'><strong><em>τοῖσι</em></strong></span> <span class='ocrx_word' id='word_1_195' title='bbox 882 3715 1003 3777; x_wconf 75' lang='grc' dir='ltr'><strong><em>νέεσθαι</em></strong></span> <span class='ocrx_word' id='word_1_196' title='bbox 1033 3720 1095 3780; x_wconf 91' lang='lat' dir='ltr'>sibi</span> <span class='ocrx_word' id='word_1_197' title='bbox 1125 3722 1205 3781; x_wconf 91' lang='lat' dir='ltr'>velit</span> <span class='ocrx_word' id='word_1_198' title='bbox 1234 3722 1360 3796; x_wconf 87' lang='lat' dir='ltr'>nesci0;</span> <span class='ocrx_word' id='word_1_199' title='bbox 1392 3726 1425 3782; x_wconf 89' lang='lat' dir='ltr'>et</span> 
     </span>
     <span class='ocr_line' id='line_1_26' title="bbox 249 3832 1425 3909; baseline 0.001 -15"><span class='ocrx_word' id='word_1_200' title='bbox 249 3851 352 3909; x_wconf 91' lang='lat' dir='ltr'>neque</span> <span class='ocrx_word' id='word_1_201' title='bbox 375 3833 534 3907; x_wconf 90' lang='lat' dir='ltr'>quomodo</span> <span class='ocrx_word' id='word_1_202' title='bbox 558 3832 656 3892; x_wconf 89' lang='lat' dir='ltr'>verba</span> <span class='ocrx_word' id='word_1_203' title='bbox 680 3833 736 3892; x_wconf 90' lang='lat' dir='ltr'>illa</span> <span class='ocrx_word' id='word_1_204' title='bbox 759 3832 885 3892; x_wconf 83' lang='lat' dir='ltr'>defendi</span> <span class='ocrx_word' id='word_1_205' title='bbox 908 3848 1011 3906; x_wconf 89' lang='lat' dir='ltr'>neque</span> <span class='ocrx_word' id='word_1_206' title='bbox 1036 3836 1194 3907; x_wconf 90' lang='lat' dir='ltr'>quomodo</span> <span class='ocrx_word' id='word_1_207' title='bbox 1218 3835 1425 3909; x_wconf 88' lang='lat' dir='ltr'>probabiliter</span> 
     </span>
     <span class='ocr_line' id='line_1_27' title="bbox 249 3947 688 4021; baseline -0.007 -13"><span class='ocrx_word' id='word_1_208' title='bbox 249 3948 413 4008; x_wconf 87' lang='lat' dir='ltr'>emendari</span> <span class='ocrx_word' id='word_1_209' title='bbox 436 3947 563 4021; x_wconf 88' lang='lat' dir='ltr'>possint</span> <span class='ocrx_word' id='word_1_210' title='bbox 586 3947 688 4006; x_wconf 88' lang='lat' dir='ltr'>video.</span> 
     </span>
    </p>
   </div>
   <div class='ocr_carea' id='block_1_4' title="bbox 292 4169 1240 4245">
    <p class='ocr_par' dir='ltr' id='par_1_10' title="bbox 292 4169 1240 4245">
     <span class='ocr_line' id='line_1_28' title="bbox 292 4169 1240 4245; baseline 0.002 -14"><span class='ocrx_word' id='word_1_211' title='bbox 292 4174 356 4233; x_wconf 83' lang='lat'>466</span> <span class='ocrx_word' id='word_1_212' title='bbox 380 4171 501 4231; x_wconf 91' lang='lat' dir='ltr'>Deinde</span> <span class='ocrx_word' id='word_1_213' title='bbox 525 4170 563 4230; x_wconf 92' lang='lat' dir='ltr'>de</span> <span class='ocrx_word' id='word_1_214' title='bbox 586 4169 707 4245; x_wconf 86' lang='lat' dir='ltr'>perfida</span> <span class='ocrx_word' id='word_1_215' title='bbox 729 4172 785 4231; x_wconf 93' lang='lat' dir='ltr'>illa</span> <span class='ocrx_word' id='word_1_216' title='bbox 809 4172 925 4232; x_wconf 88' lang='lat' dir='ltr'>ancilla</span> <span class='ocrx_word' id='word_1_217' title='bbox 949 4173 1028 4232; x_wconf 91' lang='lat' dir='ltr'>haec</span> <span class='ocrx_word' id='word_1_218' title='bbox 1051 4176 1240 4234; x_wconf 87' lang='lat' dir='ltr'>narrantur:</span> 
     </span>
    </p>
   </div>
   <div class='ocr_carea' id='block_1_5' title="bbox 245 4275 1424 4588">
    <p class='ocr_par' dir='ltr' id='par_1_11' title="bbox 245 4275 1424 4588">
     <span class='ocr_line' id='line_1_29' title="bbox 425 4275 1248 4368; baseline 0.002 -25"><span class='ocrx_word' id='word_1_219' title='bbox 425 4275 498 4362; x_wconf 79' lang='grc' dir='ltr'><strong><em>ηὗρε</em></strong></span> <span class='ocrx_word' id='word_1_220' title='bbox 523 4277 552 4342; x_wconf 89' lang='grc' dir='ltr'>δ’</span> <span class='ocrx_word' id='word_1_221' title='bbox 578 4281 622 4343; x_wconf 79' lang='grc' dir='ltr'>ἐνὶ</span> <span class='ocrx_word' id='word_1_222' title='bbox 645 4283 786 4368; x_wconf 80' lang='grc' dir='ltr'><strong><em>προδόμῳ</em></strong></span> <span class='ocrx_word' id='word_1_223' title='bbox 812 4281 885 4362; x_wconf 76' lang='grc' dir='ltr'><strong><em>ἠμὲν</em></strong></span> <span class='ocrx_word' id='word_1_224' title='bbox 909 4278 995 4343; x_wconf 81' lang='grc' dir='ltr'><strong><em>δέπα’</em></strong></span> <span class='ocrx_word' id='word_1_225' title='bbox 1022 4281 1076 4361; x_wconf 77' lang='grc' dir='ltr'>ἠδὲ</span> <span class='ocrx_word' id='word_1_226' title='bbox 1098 4283 1248 4364; x_wconf 80' lang='grc' dir='ltr'><strong><em>τραπέζας.</em></strong></span> 
     </span>
     <span class='ocr_line' id='line_1_30' title="bbox 290 4397 1422 4479; baseline 0.004 -21"><span class='ocrx_word' id='word_1_227' title='bbox 290 4400 364 4474; x_wconf 89' lang='lat' dir='ltr'>Res,</span> <span class='ocrx_word' id='word_1_228' title='bbox 397 4413 477 4472; x_wconf 90' lang='lat' dir='ltr'>quas</span> <span class='ocrx_word' id='word_1_229' title='bbox 508 4398 542 4457; x_wconf 92' lang='lat' dir='ltr'>in</span> <span class='ocrx_word' id='word_1_230' title='bbox 573 4397 733 4457; x_wconf 86' lang='lat' dir='ltr'>vestibulo</span> <span class='ocrx_word' id='word_1_231' title='bbox 757 4399 886 4458; x_wconf 90' lang='lat' dir='ltr'>aedium</span> <span class='ocrx_word' id='word_1_232' title='bbox 910 4399 1132 4459; x_wconf 88' lang='lat' dir='ltr'>invenisse</span> <span class='ocrx_word' id='word_1_233' title='bbox 1156 4401 1273 4461; x_wconf 88' lang='lat' dir='ltr'>ancilla</span> <span class='ocrx_word' id='word_1_234' title='bbox 1296 4401 1422 4479; x_wconf 85' lang='lat' dir='ltr'>dicitur,</span> 
     </span>
     <span class='ocr_line' id='line_1_31' title="bbox 245 4513 1424 4588; baseline 0.002 -15"><span class='ocrx_word' id='word_1_235' title='bbox 245 4513 400 4573; x_wconf 89' lang='lat' dir='ltr'>nimirum</span> <span class='ocrx_word' id='word_1_236' title='bbox 430 4527 486 4571; x_wconf 88' lang='lat' dir='ltr'>eae</span> <span class='ocrx_word' id='word_1_237' title='bbox 510 4513 587 4571; x_wconf 91' lang='lat' dir='ltr'>sunt</span> <span class='ocrx_word' id='word_1_238' title='bbox 610 4528 746 4585; x_wconf 87' lang='lat' dir='ltr'>quarum</span> <span class='ocrx_word' id='word_1_239' title='bbox 770 4528 871 4571; x_wconf 91' lang='lat' dir='ltr'>unam</span> <span class='ocrx_word' id='word_1_240' title='bbox 895 4513 1095 4586; x_wconf 86' lang='lat' dir='ltr'>alteramque</span> <span class='ocrx_word' id='word_1_241' title='bbox 1118 4514 1252 4575; x_wconf 82' lang='lat' dir='ltr'>furatur.</span> <span class='ocrx_word' id='word_1_242' title='bbox 1277 4515 1358 4588; x_wconf 83' lang='lat' dir='ltr'>Ergo</span> <span class='ocrx_word' id='word_1_243' title='bbox 1383 4531 1424 4576; x_wconf 89' lang='lat' dir='ltr'>ne</span> 
     </span>
    </p>
   </div>
   <div class='ocr_carea' id='block_1_6' title="bbox 0 0 1640 5262">
    <p class='ocr_par' dir='ltr' id='par_1_12' title="bbox 0 0 1640 5262">
     <span class='ocr_line' id='line_1_32' title="bbox 0 0 1640 5262; baseline 0 1"><span class='ocrx_word' id='word_1_244' title='bbox 0 0 1640 5262; x_wconf 95' lang='lat' dir='ltr'> </span> 
     </span>
    </p>
   </div>
  </div>
 </body>
</html>
