3310 5262
750 633 810 691 121

233 820 267 878 Si
293 836 370 879 vero
389 835 522 879 versum
543 820 606 878 412
627 820 673 879 sic
694 820 945 893 interpretamur
967 819 1078 894 „nefas
1097 822 1147 878 est
1167 833 1260 878 caeso
1273 819 1367 878 hoste

186 933 341 1005 gloriari''
374 933 544 1008 aptissime
574 933 736 1007 sequitur:
769 949 987 1008 „quamquam
1011 936 1123 1006 (neque
1146 931 1368 991 misericordia

187 1047 279 1120 digni
313 1049 369 1106 isti
403 1050 480 1106 sunt
510 1049 642 1116 etenim)
675 1061 713 1105 ea
744 1048 979 1106 commiserunt
1010 1063 1090 1121 quae
1121 1047 1225 1104 morte
1258 1047 1368 1105 essent

186 1161 340 1220 luenda.”
375 1162 426 1220 An
458 1155 572 1221 'versus
603 1163 735 1222 lla—6
768 1161 886 1221 adiecit
917 1161 1033 1234 aliquis
1057 1160 1111 1233 qui
1135 1159 1248 1218 eodem
1272 1159 1368 1218 modo

188 1289 252 1347 quo
278 1274 491 1334 Archilochus
516 1289 649 1333 versum
673 1275 737 1333 412
763 1274 946 1348 acceperit?

235 1501 300 1558 421
334 1514 402 1572 sqq.
435 1499 530 1557 Iussa
552 1514 572 1557 a
591 1499 784 1558 Telemacho
807 1499 949 1558 indicare
973 1499 1106 1558 ancillas
1130 1514 1233 1573 poena
1256 1499 1369 1572 dignas

188 1613 238 1671 sic
262 1613 420 1686 Euryclea
443 1611 572 1687 incipit:

371 1724 556 1801 πεντήκοντά
578 1746 623 1784 τοι
646 1722 721 1785 εἰσίν
745 1722 790 1784 ἐνὶ
813 1723 966 1804 μεγάροισι
988 1729 1136 1804 γυναῖκες·

237 1841 303 1898 422
373 1836 480 1923 δμῳαὶ,
500 1837 552 1910 τὰς
576 1835 630 1916 μέν
652 1834 671 1898 τ’
686 1833 742 1919 ἕρμ’
768 1837 944 1917 ἐδιδάξαμεν
969 1836 1153 1917 ἐργάζεσθαι,

369 1951 445 2031 εἴριά
467 1974 496 2012 τε
520 1952 633 2026 ξαίνειν
655 1950 705 2012 καί
729 1952 919 2030 δουλοσύνην
942 1949 1109 2031 ἀνέχεσθαι·

369 2066 449 2126 τοίων
473 2066 588 2127 δώδεκα
610 2075 703 2125 πᾶσαι
726 2064 878 2144 ἀναιδείης
902 2063 1062 2144 ἐπέβησαν,

237 2183 302 2242 425
372 2175 429 2240 οὔτ’
457 2177 506 2257 ἐμὲ
529 2178 644 2240 τίουσαι
667 2174 724 2240 οὔτ’
752 2177 846 2256 αὐτὴν
871 2177 1086 2258 Πηνελόπειαν.

374 2290 541 2372 Τηλέμαχος
565 2290 597 2353 δὲ
619 2290 689 2353 νέον
712 2289 765 2371 μὲν
789 2290 897 2371 ἀέξετο,
920 2291 991 2354 οὐδέ
1013 2295 1050 2353 fr
1074 2292 1169 2372 μήτηρ

369 2405 525 2484 σημαίνειν
549 2405 664 2466 εἱαστιεν
688 2403 736 2465 ἐπὶ
761 2406 876 2491 δμῳῇσι
899 2405 1025 2485 γυναιξί.

239 2523 300 2582 Hic
319 2537 386 2582 vos
398 2521 553 2596 Knightio
570 2522 741 2595 Fickioque
754 2521 982 2596 praeeuntibus
995 2537 1109 2581 versus
1122 2522 1187 2581 422
1200 2537 1247 2595 sq.
1261 2521 1369 2581 eiecis-

194 2637 255 2709 tis;
277 2636 355 2711 iure,
377 2638 414 2694 ut
433 2637 560 2710 opinor:
582 2637 726 2695 taedium
747 2635 833 2695 enim
854 2637 966 2695 movet
985 2637 1049 2695 ista
1068 2636 1258 2696 verbositas.
1272 2637 1372 2697 Multo

194 2752 307 2809 tamen
341 2750 450 2809 minus
484 2750 607 2809 ferendi
641 2752 718 2808 sunt
753 2749 817 2809 426
853 2765 911 2825 sq.,
949 2765 1029 2823 quos
1061 2750 1195 2809 damnat
1225 2749 1371 2808 Herwer·

195 2865 306 2924 denus
343 2864 449 2938 „Istae
479 2879 582 2937 neque
613 2879 667 2922 me
698 2864 853 2922 curabant
884 2878 987 2936 neque
1018 2864 1124 2938 ipsam
1151 2862 1372 2936 Penelopen”:

196 2978 362 3037 sufiiciunt
381 2978 471 3051 haec,
492 2978 529 3036 ut
548 2978 668 3052 opinor,
691 2977 731 3036 ad
750 2978 935 3051 procacium
948 2977 1140 3036 ancillarum
1151 2977 1373 3036 temeritatem

196 3090 382 3150 notandam.
414 3091 485 3149 Non
516 3090 562 3149 ita
593 3090 815 3164 interpolatori
845 3090 964 3165 visum,
989 3091 1045 3163 qui
1069 3089 1252 3150 addendum
1276 3090 1372 3150 credi-

196 3204 286 3279 derit,
312 3205 366 3276 qui
389 3204 512 3263 factum
532 3205 575 3263 sit
595 3206 691 3263 utne
711 3204 925 3262 telemachus
945 3204 1075 3276 quidem
1095 3218 1151 3262 eas
1171 3202 1211 3261 ad
1231 3201 1374 3263 officium

195 3318 339 3391 redigere
369 3320 488 3391 posset.
521 3319 670 3391 ineptam
698 3333 772 3390 ergo
796 3318 1011 3376 sententiam:
1039 3317 1273 3392 „Telemachus
1296 3333 1375 3392 puer

196 3433 296 3490 etiam
320 3434 399 3507 erat,
424 3447 527 3504 neque
551 3432 581 3490 ei
604 3432 777 3506 imperium
801 3431 835 3488 in
858 3430 991 3490 ancillas
1015 3432 1121 3490 mater
1143 3431 1374 3504 permittebat'’
1434 3413 1435 3416 ¹

196 3545 304 3620 inepte
346 3545 549 3604 enuntiatam
586 3544 712 3603 adiecit.
749 3543 825 3617 Quis
861 3543 948 3601 enim
983 3558 1127 3616 unquam
1162 3542 1210 3602 sic
1248 3544 1375 3604 locutus

197 3661 247 3720 est
282 3655 350 3717 νέον
385 3653 482 3728 ἀέξετο
515 3657 576 3716 hoc
606 3657 672 3716 fere
703 3671 817 3715 sensu:
862 3657 1017 3731 „vixdum
1049 3658 1089 3716 ad
1123 3657 1375 3718 adolescentiam

196 3772 431 3847 pervenerat'’?

241 3996 305 4056 428
330 4011 377 4069 sq.
403 3979 672 4069 Haec'uuryclea
696 3993 801 4053 addit:

417 4103 475 4167 ἀλλ’
502 4102 544 4187 ἅμ’
572 4105 646 4188 ἐγὼν
669 4101 798 4186 ἀναβᾶσ’
826 4105 959 4187 ὑπερώια
983 4107 1154 4187 σιγαλόεντα

414 4222 510 4281 falam
536 4231 573 4306 σῇ
596 4219 702 4305 ἀλόχῳ,
725 4230 760 4304 τῇ
783 4242 826 4292 τις
850 4218 922 4292 θεὸς
945 4220 1043 4281 ίίιτνον
1067 4219 1187 4300 ἐπῶρσε.

240 4338 339 4397 Vetat
362 4353 436 4398 eam
460 4339 490 4397 id
514 4339 619 4397 facere
642 4337 779 4411 Ulysses
799 4338 851 4397 his
871 4337 994 4396 verbis:
1015 4336 1056 4413 μή
1075 4358 1122 4396 πω
1140 4331 1225 4414 τήνδ’
1249 4334 1376 4416 ἐπέγειρε

196 4447 252 4509 xri.
278 4451 384 4510 Nimis
408 4449 551 4509 δεικτικόν
578 4449 665 4509 istud
688 4443 784 4525 τήνδ’,
809 4451 1044 4524 legendumque
1067 4448 1121 4527 τήν
1142 4444 1179 4530 μ’.
