3310 5262
742 673 802 732 105

179 871 255 915 cum
277 857 370 930 genio
395 856 591 930 indulsisset,
616 858 726 915 tantas
749 858 861 916 turbas
877 859 995 918 iecerit
1018 861 1055 918 ut
1074 859 1356 934 importunitatem

178 969 249 1028 eius
283 969 439 1042 Lapithae
473 969 565 1042 gravi
594 984 698 1042 poena
727 970 931 1042 plectendam
962 971 1025 1030 rati
1053 987 1147 1031 aures
1174 989 1356 1048 nasumque

177 1082 207 1140 ei
232 1081 605 1156 abscinderent'deinde
628 1082 735 1155 ipsum
758 1083 825 1142 fato
849 1098 908 1142 suo
935 1085 1161 1158 relinquerent.
1188 1088 1354 1160 Sequitur:

359 1195 387 1266 ἐξ
411 1188 447 1255 οὗ
471 1197 657 1272 κενταύρσισι
680 1193 730 1254 καὶ
753 1194 879 1273 ἀνδράσι
904 1203 1000 1270 νεῖκος
1024 1197 1145 1276 ἐτύχθη,

355 1309 410 1368 fol
430 1303 450 1367 τ’
477 1308 556 1392 αὐτῷ
580 1309 685 1393 πρώτῳ
708 1309 801 1370 κακὸν
824 1309 930 1387 ηὕρετο
954 1313 1181 1390 έοινσβαρεέων.

222 1424 313 1482 Haec
333 1424 417 1482 inter
437 1438 472 1482 se
485 1425 518 1482 et
531 1439 603 1483 cum
618 1424 882 1497 praecedentibus
895 1427 932 1484 ut
944 1425 1024 1485 bene
1038 1428 1239 1504 cohaereant,
1255 1430 1355 1489 altero

176 1553 275 1596 versu
300 1553 356 1610 pro
380 1530 400 1594 ι’
427 1537 539 1610 utique
564 1538 746 1610 recipienda
765 1538 861 1596 lectio
882 1539 1005 1611 aliquot
1025 1540 1171 1599 codicum
1193 1537 1238 1599 d':
1263 1543 1357 1617 „hinc

176 1653 287 1710 ortum
322 1653 399 1711 illud
435 1653 519 1711 inter
554 1651 731 1711 Centauros
757 1653 984 1727 ,Lapithasque
1020 1654 1159 1713 bellurn:
1192 1658 1264 1716 sed
1296 1657 1357 1715 sibi

174 1765 281 1836 primo
305 1765 461 1838 Eurytion
479 1748 645 1825 'malorum
670 1768 782 1824 auctor
806 1767 942 1826 exstitit.

220 1990 285 2048 305
311 2005 357 2063 sq.
384 1991 435 2050 Sic
458 1993 563 2066 pergit
586 1993 764 2051 Antinous:

267 2094 306 2173 ὧς
317 2102 367 2162 καὶ
380 2103 426 2162 σοὶ
438 2103 511 2183 μέγα
523 2113 605 2182 πῆμα
619 2105 836 2179 πιφαύσκομαι,
847 2105 921 2164 αἴκε
934 2103 965 2164 τὸ
978 2104 1063 2177 τόξον
1085 2101 1089 2182 Ι
1111 2103 1281 2186 ἐντανύσῃς.

175 2216 299 2288 Ecquid
323 2215 408 2276 αἴκε
432 2218 469 2276 σὺ
492 2217 602 2290 rogor?
626 2219 780 2278 Molestus
805 2220 892 2277 enirn
916 2219 1072 2278 articulus
1095 2219 1159 2278 ille.

223 2440 286 2498 314
310 2454 357 2513 sq.
394 2442 611 2515 Reprehendit
640 2443 820 2502 Antinoum
852 2444 934 2517 quod
965 2447 1034 2503 tarn
1064 2445 1297 2504 contumeliose
1321 2444 1354 2502 in

174 2553 338 2627 hospitem
362 2555 534 2614 invehatur
558 2557 725 2632 Penelope,
751 2558 865 2617 deinde
888 2558 939 2617 his
960 2558 1066 2617 verbis
1087 2559 1354 2632 intempestivam

175 2668 248 2726 eius
271 2667 354 2727 ridet
377 2667 595 2727 iracundiam:
642 2673 643 2680 ’

352 2779 485 2858 filicem,
508 2780 543 2839 αἲ
561 2776 583 2858 χ’
610 2776 626 2840 ὃ
650 2782 744 2853 ξεῖνος
766 2777 928 2860 Ὀδυσσῆος
952 2780 1025 2863 μέγα
1048 2776 1134 2855 τόξον

355 2891 501 2978 ἐντανύσῃ
523 2893 621 2972 χερσίν
644 2916 673 2954 τε
696 2895 786 2972 βίηφί
807 2916 835 2953 τε
857 2897 937 2971 sipon
960 2895 1104 2972 πιθήσας,

353 3005 478 3065 fetandi
501 3003 526 3082 μ’
554 3004 676 3078 ἄξεσθαι
701 3006 751 3066 καὶ
775 3006 850 3084 tripu
874 3008 1025 3084 θήσεσθαι
1049 3007 1178 3080 ἄκοιτινς

219 3120 332 3179 Nonne
356 3120 462 3193 aliquo
485 3122 581 3181 modo
602 3121 807 3182 efficiendum
831 3126 868 3182 ut
892 3122 1044 3183 infinitivi
1064 3120 1188 3195 ἄξεσθαι
1210 3128 1242 3184 et
1262 3126 1352 3200 θήσε-

172 3239 247 3292 σθαι
278 3250 374 3294 suum
406 3235 467 3293 sibi
498 3235 639 3295 habeant
669 3236 878 3296 subiectum?
909 3238 992 3297 Nam
1021 3240 1104 3310 quod
1127 3255 1212 3298 nunc
1234 3239 1352 3313 legitur

172 3346 294 3406 filusna
310 3395 314 3404 .
330 3395 334 3403 .
349 3395 354 3406 .
368 3348 491 3407 soluerit
516 3345 540 3424 μ’
565 3347 688 3421 ἄξεσθαι
709 3351 790 3410 nihil
810 3352 896 3410 aliud
917 3351 1099 3425 significare
1115 3355 1223 3427 potest
1235 3369 1350 3424 quam:

176 3463 333 3536 „putasne
356 3465 396 3521 te
419 3479 473 3522 me
494 3465 627 3523 domum
648 3481 719 3523 esse
739 3465 912 3523 ducturum
921 3466 958 3523 ?''
980 3465 1131 3526 Fortasse
1149 3482 1205 3540 pro
1227 3467 1352 3526 friends

172 3575 345 3648 legendum
381 3573 482 3650 αὐτόν,
516 3593 590 3636 cum
625 3579 817 3652 praesertim
848 3580 991 3651 praestet
1022 3579 1061 3637 de
1092 3579 1239 3638 mendico
1268 3596 1350 3640 erra·

172 3687 278 3746 bundo
302 3688 487 3760 loquentem
513 3690 646 3749 domum
670 3692 739 3750 eius
763 3707 827 3750 non
852 3706 1117 3751 commemorare.

216 3911 280 3969 362
304 3927 351 3984 sq,
384 3913 455 3971 Iam
487 3912 581 3971 affert
611 3913 773 3972 Eumaeus
805 3929 917 3972 arcum
948 3914 1069 3990 Ulyssi,
1100 3917 1157 3974 sed
1181 3917 1350 3988 increpant

174 4037 248 4082 eum
272 4026 368 4097 proci·
382 4026 434 4084 his
457 4027 583 4085 verbis:

348 4145 391 4219 πῇ
415 4135 452 4212 δὴ
475 4139 615 4215 καμπύλα
640 4138 708 4210 τόξα
733 4137 841 4216 φέρεις,
865 4137 1008 4219 ἀμέγαρτε
1032 4142 1160 4218 συβῶτα,

348 4247 489 4328 αλαγιιτές
512 4247 569 4328 τάχ’
596 4243 635 4311 αὖ
660 4247 686 4310 σ’
714 4246 757 4327 ἐφ’
784 4251 866 4311 ὕεσσι
891 4254 978 4325 κύνες
1001 4252 1098 4330 ταχέες
1122 4253 1303 4314 κατέδονται.

215 4360 306 4420 Itane
337 4366 437 4422 vero?
470 4365 641 4439 „Fortasse
674 4367 829 4424 iterum
860 4369 892 4426 te
924 4383 1020 4428 canes
1052 4369 1282 4428 devorabunt.’'
1308 4370 1348 4428 Et

173 4472 276 4532 videte
297 4491 394 4546 quam
415 4477 459 4535 sit
478 4478 644 4551 ingratum
663 4479 750 4538 istud
770 4474 992 4558 τάχ’...ταχέες
1016 4482 1216 4541 Brevissimo
1237 4485 1347 4541 autem
