3270 5262
565 1586 826 1696 LIBER
876 1585 972 1695 VI.

664 1858 859 1866 μ..-

215 2044 282 2101 244
317 2057 364 2115 sq.
397 2043 574 2118 conspecto
602 2044 730 2118 Ulysse,
753 2044 805 2102 eui
828 2043 972 2103 Minerva
994 2045 1068 2118 post
1092 2044 1243 2104 balneum
1266 2046 1349 2105 inso-

164 2156 268 2215 litum
305 2156 453 2229 praebuit
486 2158 626 2219 nitorem
660 2158 865 2231 gratiamque
898 2157 965 2216 fere
1000 2158 1154 2234 divinam,
1190 2159 1351 2219 Nausicaa

164 2269 347 2330 comitibus
371 2271 402 2329 et
426 2271 489 2329 alia
512 2271 590 2332 dicit
612 2274 645 2332 et
667 2274 763 2332 haee:

399 2382 432 2441 αἲ
453 2381 509 2463 γὰρ
533 2381 597 2461 ἐμοὶ
621 2383 736 2445 τοιόσδε
759 2383 846 2456 πόσις
869 2381 1046 2461 κεκλημένος
1070 2385 1115 2462 εἴη

398 2493 507 2557 ἐνθάδε
528 2497 682 2576 ναιετάων,
703 2497 756 2557 καί
775 2499 827 2558 for
849 2496 941 2559 frider
965 2497 1073 2559 αὐτόθι
1096 2499 1222 2576 μίμνειν.

216 2609 334 2669 Merito
357 2610 499 2670 ridemus
522 2612 649 2687 ineptos
670 2613 828 2688 homines
851 2613 905 2685 qui
924 2613 1054 2686 putidae
1074 2612 1243 2672 cuiusdam
1262 2629 1349 2672 vere-

169 2723 311 2783 cundiae
336 2724 473 2784 studiosi
496 2728 529 2784 et
552 2742 592 2785 ne
613 2726 646 2785 iu
665 2726 826 2785 Nausicaa
845 2726 975 2798 quidem
995 2726 1096 2785 animi
1116 2726 1350 2799 verborumque

170 2837 421 2911 simplicitatem
441 2839 582 2898 ferentes
602 2841 699 2900 hosce
719 2855 833 2898 versus
850 2839 1085 2899 damnaverint.
1099 2840 1208 2912 Neque
1220 2840 1351 2898 iliorum

170 2951 340 3024 probanda
381 2952 472 3026 raim,
516 2952 572 3025 qui
607 2953 745 3013 alterum
783 2969 914 3013 versum
949 2953 1164 3012 abiiciendum
1199 2954 1349 3024 censent;

171 3063 358 3123 rectissime
382 3065 470 3123 euim
494 3066 676 3126 admonetis
700 3067 871 3141 abruptam
894 3067 993 3126 nimis
1016 3065 1086 3126 fieri
1108 3066 1234 3140 puellae
1257 3065 1350 3125 orati·

173 3192 273 3236 onem
297 3177 325 3235 si
348 3193 481 3236 versum

398 3290 431 3350 αἲ
452 3289 507 3370 γὰρ
532 3289 596 3369 ἐμοὶ
618 3291 732 3352 τοιόσδε
756 3291 842 3364 ιιόσις
866 3289 1043 3370 κεκλημένος
1066 3291 1112 3369 εἴη

172 3407 291 3466 statim
313 3406 366 3465 hic
391 3406 548 3482 excipiat:

398 3517 472 3578 ἀλλὰ
495 3514 569 3597 δότ’,
591 3518 766 3597 ἀμφίπολοι,
789 3519 874 3604 ξείνῳ
898 3519 1010 3596 βρῶσίν
1033 3540 1062 3578 ιε
1084 3516 1173 3578 πόσιν
1197 3539 1234 3577 τε.

220 3632 310 3709 Quod
341 3634 452 3693 autem
483 3635 523 3693 ad
554 3634 725 3694 Kratzium
758 3633 952 3710 provocatis,
985 3632 1040 3705 qui
1071 3631 1104 3692 in
1134 3632 1221 3691 hunc
1250 3632 1352 3692 ferme

171 3747 310 3806 modum
333 3747 372 3805 de
396 3748 507 3807 nostro
530 3747 599 3808 loco
624 3748 820 3823 disputavit:
843 3748 943 3821 „haec
962 3748 1034 3822 ipsa
1053 3749 1103 3807 est
1122 3746 1218 3805 huius
1237 3761 1352 3805 versus

170 3860 332 3919 venustas
368 3861 451 3932 quod
485 3861 592 3935 puella
626 3877 699 3936 non,
737 3862 783 3921 ita
817 3863 854 3920 ut
889 3861 1002 3937 coepit,
1039 3862 1077 3920 de
1107 3859 1182 3920 ficto
1212 3857 1352 3932 quodam

171 3973 294 4033 marito
324 3975 464 4048 cogitare
488 3977 521 4034 et
543 3975 631 4048 ioqui
654 3976 767 4050 pergit,
793 3976 849 4034 sed
871 3975 996 4035 sensim
1019 3975 1129 4034 mente
1153 3975 1186 4033 et
1209 3971 1352 4031 oratione

171 4088 214 4148 ad
236 4088 344 4161 ipsum
363 4087 519 4161 Ulyssem
539 4088 698 4164 aberrat,”
720 4090 878 4148 hactenus
897 4089 1067 4148 vobiscum
1086 4087 1168 4146 facio
1188 4087 1224 4144 ut
1244 4098 1351 4144 conce·

171 4203 261 4275 dam,
294 4200 395 4259 immo
425 4217 482 4276 pro
515 4203 601 4261 certo
633 4203 802 4278 affirmem,
835 4202 1071 4277 lepidissimam
1099 4200 1249 4276 pueliam,
1274 4198 1352 4256 dum

171 4316 213 4374 de
249 4313 376 4389 marite,
413 4314 467 4387 qui
501 4315 614 4388 Ulyssi
644 4316 763 4376 similis
794 4316 847 4391 sit,
880 4317 1039 4391 loquatur,
1072 4316 1110 4374 de
1142 4314 1210 4388 ipso
1240 4311 1352 4369 tamen

172 4427 295 4500 ulysse
315 4441 417 4500 neque
437 4428 475 4487 de
487 4428 552 4487 ullo
566 4429 627 4488 aiio
641 4430 792 4504 cogitare.
805 4429 927 4489 Verum
940 4429 1029 4490 nulla
1040 4445 1184 4503 unquam
1198 4429 1352 4488 venustas
