3270 5262
756 643 798 704 63

231 835 306 894 Iam
329 836 369 894 ad
391 836 556 895 famosum
579 834 672 894 illum
695 834 827 907 perveni
850 848 983 892 versum
1007 833 1111 902 (373):

388 957 446 1008 τῶν
470 946 583 1027 ἔφαγόν
606 942 631 1006 τ’
659 945 742 1005 ἔπιόν
767 968 795 1005 τε
819 943 868 1004 καὶ
892 945 1051 1004 αἰδοίοισιν
1074 944 1169 1005 ἔδωκα

183 1063 225 1120 de
245 1079 309 1136 quo
329 1065 403 1137 post
420 1065 471 1123 tot
489 1065 633 1122 virorum
653 1063 821 1121 doctorum
841 1061 1076 1136 disputationes
1095 1064 1203 1122 tacere
1218 1063 1362 1123 mallem.

183 1175 250 1234 Sed
283 1177 435 1248 quoniam
465 1193 561 1236 nemo
593 1178 709 1235 horum
740 1176 822 1234 mihi
852 1169 1030 1252 persuasit:
1057 1177 1234 1237 adiicienda
1263 1179 1364 1237 etiam

179 1289 306 1363 pagina
336 1291 463 1349 videtur
493 1290 651 1355 volumini
682 1290 787 1364 spisso
818 1290 901 1362 quod
933 1290 998 1349 iam
1030 1291 1068 1350 de
1092 1291 1153 1352 hac
1176 1291 1364 1364 quaestione

182 1406 238 1462 est
270 1403 452 1477 impletum.
484 1404 584 1463 Rideo
615 1419 690 1476 ergo
722 1419 797 1461 cum
828 1402 946 1462 Cobeto
978 1405 1209 1477 grammaticos
1233 1405 1266 1463 in
1290 1405 1365 1464 aula

180 1518 449 1577 Ptolemaeorum
469 1519 627 1592 viventes,
650 1517 713 1592 qui,
734 1533 774 1576 113
795 1518 903 1576 333133
919 1533 1013 1576 aures
1027 1518 1203 1577 offenderet
1215 1518 1365 1591 loquendi

181 1631 392 1706 simplicitas,
418 1629 557 1690 αἰδοίοισι
581 1631 633 1689 hic
657 1646 729 1690 esse
753 1631 926 1689 masculini
946 1631 1073 1704 generis
1093 1633 1126 1690 et
1146 1632 1365 1706 supplices

179 1745 371 1820 significare
395 1747 571 1807 commenti
596 1748 681 1805 sunt.
707 1739 812 1804 Minus
836 1747 956 1819 tamen,
981 1746 1009 1803 si
1033 1744 1102 1805 fieri
1125 1748 1242 1820 potest,
1264 1747 1365 1820 ipsius

180 1860 300 1919 Cobeti
331 1861 411 1919 mihi
441 1861 548 1935 placet
571 1861 686 1935 opinio,
713 1860 767 1932 qui
790 1859 843 1917 hic
867 1859 1047 1918 Eumaeum
1070 1861 1180 1932 aperte
1203 1860 1365 1920 dicentem

179 1974 282 2032 facit:
312 1974 406 2048 ,hinc
428 1975 478 2033 edi
502 1974 567 2033 bibi
591 1974 732 2032 amavi.'’
756 1973 840 2032 Nam
866 1972 1042 2031 absurdum
1061 1973 1189 2031 videtur
1208 1973 1242 2031 in
1262 1975 1365 2033 vitam

177 2087 353 2145 heroicam
384 2090 479 2160 atque
510 2088 589 2147 adeo
621 2087 746 2147 insulae
777 2088 922 2145 remotae
953 2087 1116 2145 remotum
1149 2102 1263 2159 agrum
1288 2103 1364 2146 auro

178 2202 338 2261 venalem
363 2202 521 2263 Venerem
545 2203 756 2262 introducere.
783 2202 901 2277 Quodsi
924 2217 994 2261 13111
1018 2202 1123 2275 ipsam
1144 2202 1249 2274 aliquo
1269 2183 1365 2261 modo

177 2317 322 2391 probare
345 2333 484 2393 possem,
509 2319 621 2377 tamen
645 2333 718 2376 eam
742 2317 806 2376 11113
829 2317 937 2375 verbis
961 2289 1013 2375 1113
1037 2317 1197 2375 enuntiari
1220 2317 1365 2389 potuisse

179 2431 396 2504 pertinaciter
426 2447 597 2504 negarem:
633 2432 727 2507 ,hinc
759 2431 889 2490 amavi’'
921 2431 1026 2490 dicere
1056 2432 1149 2504 turpe
1179 2431 1288 2489 visum
1316 2433 1366 2488 est

183 2544 430 2619 Alexandrinis
455 2545 512 2604 sed
536 2545 576 2604 ad
600 2560 672 2604 eam
696 2561 765 2604 rem
789 2543 1035 2618 significandam
1059 2543 1098 2602 iis
1123 2543 1171 2602 uti
1189 2542 1364 2619 vocabulis,

180 2673 271 2730 quae
302 2673 387 2717 nunc
417 2659 558 2719 Eumaeo
589 2660 715 2734 dantur,
748 2674 812 2717 non
834 2661 928 2732 turpe
962 2659 1100 2717 sortasse
1125 2660 1175 2717 est
1198 2657 1255 2716 sed
1279 2658 1365 2716 haud

182 2772 284 2830 dubie
316 2773 478 2846 ineptum;
511 2788 575 2831 non
607 2773 694 2832 enim
722 2773 862 2832 rusticae
886 2741 1106 2845 simplicitatis
1130 2772 1186 2830 illa
1209 2773 1286 2830 sunt
1309 2772 1365 2831 sed

183 2887 335 2945 scurrilis
356 2889 451 2959 atque
470 2887 623 2947 ridiculae
643 2888 872 2962 impudentiae.
894 2887 1018 2960 Ergone
1031 2886 1215 2946 coniectura
1227 2887 1367 2946 molesta

184 3002 245 3061 1113
278 3016 342 3061 vox
372 3003 576 3076 removenda,
610 3017 747 3075 cumque
778 3001 902 3061 Nabero
930 2999 1090 3071 αἰτίζουσιν
1116 3000 1290 3074 legendum
1314 3000 1367 3060 vel

186 3112 427 3175 dliodanor‘ow?
447 3117 587 3192 Minime,
610 3116 726 3175 hercle.
748 3115 831 3189 Quot
851 3115 938 3175 enim
958 3115 1134 3191 mendicos,
1149 3116 1267 3188 quotve
1279 3130 1364 3187 pere·

186 3231 301 3306 grinos
321 3231 360 3289 ad
379 3231 513 3290 Eumaei
532 3231 708 3306 tugurium,
730 3230 883 3304 quamdiu
902 3231 969 3288 ruri
985 3230 1039 3289 1113
1051 3230 1144 3304 vixit,
1159 3230 1225 3288 iam
1236 3229 1366 3288 venisse

187 3346 407 3405 censeamus?
438 3345 558 3420 Unum,
590 3348 627 3404 ut
657 3345 777 3419 opinor,
810 3344 982 3417 Ulyssem;
1011 3344 1080 3416 ipse
1104 3359 1180 3402 vero
1203 3341 1367 3401 Eumaeus

185 3458 295 3517 ullum
332 3460 504 3518 venturum
537 3474 682 3532 unquam
716 3473 781 3517 non
811 3459 1023 3533 exspectavit,
1055 3473 1158 3529 neque
1190 3455 1367 3515 verisimile

188 3587 268 3630 eum
307 3572 550 3631 nummulorum
585 3571 705 3644 aliquid
740 3571 924 3645 seposuisse
958 3571 1042 3630 unde
1076 3567 1130 3645 τὴν
1166 3566 1367 3646 ἐλεημοσύνην

187 3685 322 3744 faceret.
358 3685 444 3743 Nihil
479 3686 531 3744 hic
565 3685 769 3760 mutandum,
805 3684 1010 3743 retinendum
1042 3682 1191 3756 αἰδοίοισι,
1221 3683 1367 3743 neutrius

188 3799 319 3876 generis
342 3799 421 3857 illud
445 3799 503 3872 cst,
530 3801 562 3857 et
584 3796 746 3871 significat
766 3797 848 3869 quod
868 3798 987 3855 norunt
1006 3812 1129 3855 omnes.
1150 3797 1242 3856 Nunc
1261 3799 1368 3856 totum

187 3915 299 3974 locum
334 3913 436 3972 denuo
472 3912 678 3986 aspiciamus.
714 3912 751 3969 In
786 3913 905 3984 quanto
941 3911 1024 3984 apud
1055 3912 1204 3970 Laertem
1236 3912 1367 3983 eiusque

189 4041 329 4086 uxorem
360 4026 475 4084 fuisset
505 4027 625 4084 honore
656 4024 801 4083 narravit
831 4025 1002 4100 Eumaeus,
1028 4025 1212 4097 addiditque
1236 4041 1271 4084 se
1294 4040 1368 4084 cum

191 4155 306 4198 eorum
329 4138 395 4198 filia
418 4142 496 4198 natu
520 4139 658 4198 minima
680 4154 744 4197 una
768 4138 958 4212 educatum;
983 4139 1074 4198 illam
1097 4141 1210 4218 postea
1229 4139 1315 4197 foras
1335 4139 1368 4196 in

192 4251 441 4311 matrimonium
472 4252 591 4327 datam,
625 4267 659 4310 se
688 4267 707 4309 a
731 4251 862 4309 domina
885 4267 940 4310 rus
964 4253 1103 4311 missum
1128 4267 1202 4310 cum
1225 4245 1368 4325 pulchris

194 4361 401 4423 vestimentis
433 4365 741 4438 calceamentisque:
780 4365 856 4439 ,illa
883 4366 970 4425 enim
997 4364 1164 4440 permagni
1196 4381 1248 4423 me
1275 4365 1367 4422 facie-

194 4480 271 4538 bac’
307 4479 353 4538 aii
387 4476 488 4553 (ἐφίλει
524 4476 556 4538 δέ
590 4501 624 4555 με
655 4476 765 4558 κηρόθι
796 4483 928 4556 μᾶλλον).
962 4479 1128 4550 Sequitur:
1159 4486 1217 4536 νῦν
1249 4471 1275 4535 δ’
1309 4473 1368 4554 ἤδη
