<?xml version="1.0" encoding="UTF-8"?>
<!DOCTYPE html PUBLIC "-//W3C//DTD XHTML 1.0 Transitional//EN"
    "http://www.w3.org/TR/xhtml1/DTD/xhtml1-transitional.dtd">
<html xmlns="http://www.w3.org/1999/xhtml" xml:lang="en" lang="en">
 <head>
  <title>
</title>
<meta http-equiv="Content-Type" content="text/html;charset=utf-8" />
  <meta name='ocr-system' content='tesseract 3.04.00' />
  <meta name='ocr-capabilities' content='ocr_page ocr_carea ocr_par ocr_line ocrx_word'/>
</head>
<body>
  <div class='ocr_page' id='page_1' title='image "./epistolacritica00costgoog_0016.png"; bbox 0 0 3270 5262; ppageno 0'>
   <div class='ocr_carea' id='block_1_1' title="bbox 766 653 783 712">
    <p class='ocr_par' dir='ltr' id='par_1_1' title="bbox 766 653 783 712">
     <span class='ocr_line' id='line_1_1' title="bbox 766 653 783 712; baseline 0 0"><span class='ocrx_word' id='word_1_1' title='bbox 766 653 783 712; x_wconf 82' lang='lat'>7</span> 
     </span>
    </p>
   </div>
   <div class='ocr_carea' id='block_1_2' title="bbox 172 841 1362 3077">
    <p class='ocr_par' dir='ltr' id='par_1_2' title="bbox 172 841 1362 3077">
     <span class='ocr_line' id='line_1_2' title="bbox 174 841 1359 917; baseline 0.002 -19"><span class='ocrx_word' id='word_1_2' title='bbox 174 854 249 898; x_wconf 90' lang='lat' dir='ltr'>cum</span> <span class='ocrx_word' id='word_1_3' title='bbox 284 841 437 916; x_wconf 92' lang='lat' dir='ltr'>Philippo</span> <span class='ocrx_word' id='word_1_4' title='bbox 460 842 581 902; x_wconf 91' lang='lat' dir='ltr'>bellum</span> <span class='ocrx_word' id='word_1_5' title='bbox 604 841 745 915; x_wconf 78' lang='lat' dir='ltr'>geratis’</span> <span class='ocrx_word' id='word_1_6' title='bbox 770 841 831 900; x_wconf 92' lang='lat' dir='ltr'>hoc</span> <span class='ocrx_word' id='word_1_7' title='bbox 854 842 947 900; x_wconf 91' lang='lat' dir='ltr'>dicit:</span> <span class='ocrx_word' id='word_1_8' title='bbox 975 842 1023 917; x_wconf 91' lang='lat' dir='ltr'>,si</span> <span class='ocrx_word' id='word_1_9' title='bbox 1047 841 1253 901; x_wconf 82' lang='lat' dir='ltr'>decreveritis</span> <span class='ocrx_word' id='word_1_10' title='bbox 1276 843 1359 915; x_wconf 91' lang='lat' dir='ltr'>quod</span> 
     </span>
     <span class='ocr_line' id='line_1_3' title="bbox 172 954 1359 1032; baseline 0.001 -20"><span class='ocrx_word' id='word_1_11' title='bbox 172 954 348 1032; x_wconf 81' lang='lat' dir='ltr'>placuerit,</span> <span class='ocrx_word' id='word_1_12' title='bbox 381 957 429 1015; x_wconf 89' lang='lat' dir='ltr'>ita</span> <span class='ocrx_word' id='word_1_13' title='bbox 459 958 496 1016; x_wconf 91' lang='lat' dir='ltr'>ut</span> <span class='ocrx_word' id='word_1_14' title='bbox 526 957 651 1031; x_wconf 87' lang='lat' dir='ltr'>oportet</span> <span class='ocrx_word' id='word_1_15' title='bbox 682 957 803 1016; x_wconf 92' lang='lat' dir='ltr'>bellurn</span> <span class='ocrx_word' id='word_1_16' title='bbox 838 957 990 1030; x_wconf 85' lang='lat' dir='ltr'>geretis&#39;&#39;</span> <span class='ocrx_word' id='word_1_17' title='bbox 1021 958 1107 1017; x_wconf 87' lang='lat' dir='ltr'>Bene</span> <span class='ocrx_word' id='word_1_18' title='bbox 1137 971 1212 1029; x_wconf 85' lang='lat' dir='ltr'>ergo</span> <span class='ocrx_word' id='word_1_19' title='bbox 1235 955 1359 1014; x_wconf 86' lang='lat' dir='ltr'>factum</span> 
     </span>
     <span class='ocr_line' id='line_1_4' title="bbox 174 1068 1359 1149; baseline 0.001 -22"><span class='ocrx_word' id='word_1_20' title='bbox 174 1070 261 1142; x_wconf 89' lang='lat' dir='ltr'>quod</span> <span class='ocrx_word' id='word_1_21' title='bbox 295 1085 354 1145; x_wconf 87' lang='lat' dir='ltr'>pro</span> <span class='ocrx_word' id='word_1_22' title='bbox 386 1069 605 1149; x_wconf 74' lang='grc' dir='ltr'><strong><em>χειροτονήσετε</em></strong></span> <span class='ocrx_word' id='word_1_23' title='bbox 636 1070 739 1129; x_wconf 81' lang='lat' dir='ltr'>altera</span> <span class='ocrx_word' id='word_1_24' title='bbox 766 1072 876 1130; x_wconf 80' lang='lat' dir='ltr'>exstat</span> <span class='ocrx_word' id='word_1_25' title='bbox 899 1071 994 1130; x_wconf 83' lang='lat' dir='ltr'>lectio</span> <span class='ocrx_word' id='word_1_26' title='bbox 1017 1068 1239 1148; x_wconf 78' lang='grc' dir='ltr'><strong><em>χειροτονήσετε,</em></strong></span> <span class='ocrx_word' id='word_1_27' title='bbox 1262 1069 1359 1142; x_wconf 80' lang='lat' dir='ltr'>atque</span> 
     </span>
     <span class='ocr_line' id='line_1_5' title="bbox 174 1169 1359 1260; baseline -0.001 -20"><span class='ocrx_word' id='word_1_28' title='bbox 174 1184 284 1242; x_wconf 88' lang='lat' dir='ltr'>nostri</span> <span class='ocrx_word' id='word_1_29' title='bbox 306 1185 358 1243; x_wconf 92' lang='lat' dir='ltr'>est</span> <span class='ocrx_word' id='word_1_30' title='bbox 379 1184 503 1243; x_wconf 87' lang='lat' dir='ltr'>arbitrii</span> <span class='ocrx_word' id='word_1_31' title='bbox 521 1186 631 1243; x_wconf 90' lang='lat' dir='ltr'>utram</span> <span class='ocrx_word' id='word_1_32' title='bbox 651 1183 833 1257; x_wconf 87' lang='lat' dir='ltr'>probemus.</span> <span class='ocrx_word' id='word_1_33' title='bbox 855 1183 995 1258; x_wconf 88' lang='lat' dir='ltr'>Recepto</span> <span class='ocrx_word' id='word_1_34' title='bbox 1016 1185 1126 1243; x_wconf 89' lang='lat' dir='ltr'>autem</span> <span class='ocrx_word' id='word_1_35' title='bbox 1145 1169 1359 1260; x_wconf 71' lang='grc' dir='ltr'><strong><em>χειροτονήσετε</em></strong></span> 
     </span>
     <span class='ocr_line' id='line_1_6' title="bbox 174 1294 1359 1369; baseline 0 -15"><span class='ocrx_word' id='word_1_36' title='bbox 174 1294 354 1356; x_wconf 90' lang='lat' dir='ltr'>consilium</span> <span class='ocrx_word' id='word_1_37' title='bbox 391 1297 575 1356; x_wconf 80' lang='lat' dir='ltr'>obtinemus</span> <span class='ocrx_word' id='word_1_38' title='bbox 609 1296 827 1356; x_wconf 84' lang='lat' dir='ltr'>Demosthene</span> <span class='ocrx_word' id='word_1_39' title='bbox 862 1295 1005 1369; x_wconf 82' lang='lat' dir='ltr'>dignum.</span> <span class='ocrx_word' id='word_1_40' title='bbox 1041 1297 1131 1357; x_wconf 90' lang='lat' dir='ltr'>Nunc</span> <span class='ocrx_word' id='word_1_41' title='bbox 1163 1297 1250 1356; x_wconf 91' lang='lat' dir='ltr'>enirn</span> <span class='ocrx_word' id='word_1_42' title='bbox 1281 1296 1359 1355; x_wconf 91' lang='lat' dir='ltr'>illud</span> 
     </span>
     <span class='ocr_line' id='line_1_7' title="bbox 173 1406 1360 1500; baseline 0.003 -35"><span class='ocrx_word' id='word_1_43' title='bbox 173 1406 224 1466; x_wconf 79' lang='grc' dir='ltr'><strong><em>ἵνα</em></strong></span> <span class='ocrx_word' id='word_1_44' title='bbox 245 1414 397 1487; x_wconf 72' lang='grc' dir='ltr'><strong><em>πολεμῆτε</em></strong></span> <span class='ocrx_word' id='word_1_45' title='bbox 415 1425 479 1470; x_wconf 91' lang='lat' dir='ltr'>non</span> <span class='ocrx_word' id='word_1_46' title='bbox 498 1412 567 1500; x_wconf 88' lang='lat' dir='ltr'>tarn</span> <span class='ocrx_word' id='word_1_47' title='bbox 588 1426 607 1470; x_wconf 91' lang='lat' dir='ltr'>a</span> <span class='ocrx_word' id='word_1_48' title='bbox 625 1407 839 1487; x_wconf 83' lang='grc' dir='ltr'><strong><em>χειροτονήσετε</em></strong></span> <span class='ocrx_word' id='word_1_49' title='bbox 859 1409 1010 1484; x_wconf 87' lang='lat' dir='ltr'>pendebit</span> <span class='ocrx_word' id='word_1_50' title='bbox 1030 1425 1127 1484; x_wconf 91' lang='lat' dir='ltr'>quam</span> <span class='ocrx_word' id='word_1_51' title='bbox 1148 1410 1187 1470; x_wconf 90' lang='lat' dir='ltr'>ab</span> <span class='ocrx_word' id='word_1_52' title='bbox 1207 1409 1360 1469; x_wconf 88' lang='lat' dir='ltr'>universa</span> 
     </span>
     <span class='ocr_line' id='line_1_8' title="bbox 173 1523 1360 1599; baseline 0 -17"><span class='ocrx_word' id='word_1_53' title='bbox 173 1524 282 1583; x_wconf 90' lang='lat' dir='ltr'>totius</span> <span class='ocrx_word' id='word_1_54' title='bbox 310 1523 374 1584; x_wconf 89' lang='lat' dir='ltr'>loci</span> <span class='ocrx_word' id='word_1_55' title='bbox 397 1524 568 1599; x_wconf 87' lang='lat' dir='ltr'>sententia,</span> <span class='ocrx_word' id='word_1_56' title='bbox 594 1525 630 1583; x_wconf 92' lang='lat' dir='ltr'>ut</span> <span class='ocrx_word' id='word_1_57' title='bbox 653 1524 714 1584; x_wconf 88' lang='lat' dir='ltr'>hoc</span> <span class='ocrx_word' id='word_1_58' title='bbox 737 1523 823 1583; x_wconf 87' lang='lat' dir='ltr'>dicat</span> <span class='ocrx_word' id='word_1_59' title='bbox 846 1523 1098 1584; x_wconf 88' lang='lat' dir='ltr'>Demosthenes:</span> <span class='ocrx_word' id='word_1_60' title='bbox 1126 1523 1271 1598; x_wconf 86' lang='lat' dir='ltr'>,consilii</span> <span class='ocrx_word' id='word_1_61' title='bbox 1294 1524 1360 1582; x_wconf 90' lang='lat' dir='ltr'>mei</span> 
     </span>
     <span class='ocr_line' id='line_1_9' title="bbox 173 1636 1359 1712; baseline 0.001 -17"><span class='ocrx_word' id='word_1_62' title='bbox 173 1651 350 1697; x_wconf 85' lang='lat' dir='ltr'>summam</span> <span class='ocrx_word' id='word_1_63' title='bbox 385 1638 534 1712; x_wconf 89' lang='lat' dir='ltr'>probate:</span> <span class='ocrx_word' id='word_1_64' title='bbox 570 1640 642 1697; x_wconf 91' lang='lat' dir='ltr'>tum</span> <span class='ocrx_word' id='word_1_65' title='bbox 676 1653 739 1697; x_wconf 93' lang='lat' dir='ltr'>non</span> <span class='ocrx_word' id='word_1_66' title='bbox 775 1637 921 1711; x_wconf 89' lang='lat' dir='ltr'>epistolis</span> <span class='ocrx_word' id='word_1_67' title='bbox 955 1636 1077 1696; x_wconf 91' lang='lat' dir='ltr'>bellum</span> <span class='ocrx_word' id='word_1_68' title='bbox 1108 1653 1182 1697; x_wconf 92' lang='lat' dir='ltr'>cum</span> <span class='ocrx_word' id='word_1_69' title='bbox 1213 1637 1359 1711; x_wconf 91' lang='lat' dir='ltr'>Philippo</span> 
     </span>
     <span class='ocr_line' id='line_1_10' title="bbox 173 1750 1360 1828; baseline -0.002 -18"><span class='ocrx_word' id='word_1_70' title='bbox 173 1753 302 1824; x_wconf 87' lang='lat' dir='ltr'>geretis</span> <span class='ocrx_word' id='word_1_71' title='bbox 333 1752 391 1812; x_wconf 89' lang='lat' dir='ltr'>sed</span> <span class='ocrx_word' id='word_1_72' title='bbox 425 1752 521 1812; x_wconf 89' lang='lat' dir='ltr'>rebus</span> <span class='ocrx_word' id='word_1_73' title='bbox 551 1752 741 1826; x_wconf 82' lang='lat' dir='ltr'>factisque,&#39;’</span> <span class='ocrx_word' id='word_1_74' title='bbox 774 1750 950 1824; x_wconf 81' lang='lat' dir='ltr'>addetque:</span> <span class='ocrx_word' id='word_1_75' title='bbox 986 1752 1154 1825; x_wconf 86' lang='lat' dir='ltr'>,postea</span> <span class='ocrx_word' id='word_1_76' title='bbox 1185 1754 1360 1828; x_wconf 81' lang='grc' dir='ltr'><strong><em>χειροτονεῖν</em></strong></span> 
     </span>
     <span class='ocr_line' id='line_1_11' title="bbox 174 1863 1358 1940; baseline -0.001 -17"><span class='ocrx_word' id='word_1_77' title='bbox 174 1865 336 1939; x_wconf 91' lang='lat' dir='ltr'>quidquid</span> <span class='ocrx_word' id='word_1_78' title='bbox 367 1865 524 1940; x_wconf 83' lang='lat' dir='ltr'>placuerit</span> <span class='ocrx_word' id='word_1_79' title='bbox 547 1865 785 1939; x_wconf 83' lang='lat' dir='ltr'>poteritis&#39;&#39;</span> <span class='ocrx_word' id='word_1_80' title='bbox 810 1865 1004 1924; x_wconf 91' lang='lat' dir='ltr'>Primariam</span> <span class='ocrx_word' id='word_1_81' title='bbox 1028 1863 1115 1925; x_wconf 90' lang='lat' dir='ltr'>enim</span> <span class='ocrx_word' id='word_1_82' title='bbox 1139 1867 1266 1940; x_wconf 89' lang='lat' dir='ltr'>partem</span> <span class='ocrx_word' id='word_1_83' title='bbox 1289 1879 1358 1923; x_wconf 90' lang='lat' dir='ltr'>sen·</span> 
     </span>
     <span class='ocr_line' id='line_1_12' title="bbox 173 1978 1361 2054; baseline -0.001 -17"><span class='ocrx_word' id='word_1_84' title='bbox 173 1980 315 2054; x_wconf 88' lang='lat' dir='ltr'>tentiae,</span> <span class='ocrx_word' id='word_1_85' title='bbox 340 1994 440 2052; x_wconf 90' lang='lat' dir='ltr'>quam</span> <span class='ocrx_word' id='word_1_86' title='bbox 463 1979 516 2038; x_wconf 89' lang='lat' dir='ltr'>hic</span> <span class='ocrx_word' id='word_1_87' title='bbox 539 1980 650 2038; x_wconf 91' lang='lat' dir='ltr'>omisit</span> <span class='ocrx_word' id='word_1_88' title='bbox 669 1979 906 2039; x_wconf 89' lang='lat' dir='ltr'>Demosthenes</span> <span class='ocrx_word' id='word_1_89' title='bbox 926 1981 958 2038; x_wconf 93' lang='lat' dir='ltr'>et</span> <span class='ocrx_word' id='word_1_90' title='bbox 978 1979 1129 2038; x_wconf 86' lang='lat' dir='ltr'>omittere</span> <span class='ocrx_word' id='word_1_91' title='bbox 1149 1978 1263 2053; x_wconf 88' lang='lat' dir='ltr'>potuit,</span> <span class='ocrx_word' id='word_1_92' title='bbox 1285 1978 1361 2051; x_wconf 91' lang='lat' dir='ltr'>quia</span> 
     </span>
     <span class='ocr_line' id='line_1_13' title="bbox 175 2092 1358 2167; baseline -0.001 -16"><span class='ocrx_word' id='word_1_93' title='bbox 175 2092 208 2150; x_wconf 95' lang='lat' dir='ltr'>in</span> <span class='ocrx_word' id='word_1_94' title='bbox 229 2092 386 2167; x_wconf 86' lang='lat' dir='ltr'>proxime</span> <span class='ocrx_word' id='word_1_95' title='bbox 404 2093 669 2166; x_wconf 85' lang='lat' dir='ltr'>praecedentibus</span> <span class='ocrx_word' id='word_1_96' title='bbox 689 2108 785 2166; x_wconf 86' lang='lat' dir='ltr'>saepe</span> <span class='ocrx_word' id='word_1_97' title='bbox 805 2093 871 2152; x_wconf 89' lang='lat' dir='ltr'>iarn</span> <span class='ocrx_word' id='word_1_98' title='bbox 891 2095 924 2152; x_wconf 90' lang='lat' dir='ltr'>et</span> <span class='ocrx_word' id='word_1_99' title='bbox 936 2095 1085 2152; x_wconf 86' lang='lat' dir='ltr'>accurate</span> <span class='ocrx_word' id='word_1_100' title='bbox 1097 2108 1170 2152; x_wconf 91' lang='lat' dir='ltr'>earn</span> <span class='ocrx_word' id='word_1_101' title='bbox 1183 2093 1358 2166; x_wconf 87' lang='lat' dir='ltr'>proposuit,</span> 
     </span>
     <span class='ocr_line' id='line_1_14' title="bbox 176 2203 1360 2281; baseline 0 -17"><span class='ocrx_word' id='word_1_102' title='bbox 176 2205 292 2279; x_wconf 89' lang='lat' dir='ltr'>aliquo</span> <span class='ocrx_word' id='word_1_103' title='bbox 312 2206 504 2281; x_wconf 89' lang='lat' dir='ltr'>imperativo</span> <span class='ocrx_word' id='word_1_104' title='bbox 525 2206 641 2281; x_wconf 87' lang='lat' dir='ltr'>(qualis</span> <span class='ocrx_word' id='word_1_105' title='bbox 661 2209 712 2266; x_wconf 89' lang='lat' dir='ltr'>est</span> <span class='ocrx_word' id='word_1_106' title='bbox 730 2207 923 2266; x_wconf 89' lang='lat' dir='ltr'>Homericus</span> <span class='ocrx_word' id='word_1_107' title='bbox 943 2206 997 2266; x_wconf 90' lang='lat' dir='ltr'>ille</span> <span class='ocrx_word' id='word_1_108' title='bbox 1016 2203 1137 2276; x_wconf 77' lang='grc' dir='ltr'><strong><em>ἐσθίετε)</em></strong></span> <span class='ocrx_word' id='word_1_109' title='bbox 1155 2206 1360 2265; x_wconf 89' lang='lat' dir='ltr'>enuntiatum</span> 
     </span>
     <span class='ocr_line' id='line_1_15' title="bbox 177 2315 1361 2397; baseline -0.001 -20"><span class='ocrx_word' id='word_1_110' title='bbox 177 2321 328 2394; x_wconf 83' lang='lat' dir='ltr'>cogitare</span> <span class='ocrx_word' id='word_1_111' title='bbox 360 2320 523 2381; x_wconf 89' lang='lat' dir='ltr'>debemus.</span> <span class='ocrx_word' id='word_1_112' title='bbox 553 2320 684 2395; x_wconf 76' lang='lat' dir='ltr'>Quando</span> <span class='ocrx_word' id='word_1_113' title='bbox 709 2322 819 2380; x_wconf 91' lang='lat' dir='ltr'>autem</span> <span class='ocrx_word' id='word_1_114' title='bbox 843 2320 1059 2380; x_wconf 84' lang='lat' dir='ltr'>Athenienses</span> <span class='ocrx_word' id='word_1_115' title='bbox 1083 2323 1257 2397; x_wconf 85' lang='grc' dir='ltr'><strong><em>χειροτονεῖν</em></strong></span> <span class='ocrx_word' id='word_1_116' title='bbox 1281 2315 1300 2377; x_wconf 80' lang='lat' dir='ltr'>s</span> <span class='ocrx_word' id='word_1_117' title='bbox 1323 2315 1361 2377; x_wconf 76' lang='grc' dir='ltr'><strong><em>ἂν</em></strong></span> 
     </span>
     <span class='ocr_line' id='line_1_16' title="bbox 177 2429 1359 2515; baseline 0 -24"><span class='ocrx_word' id='word_1_118' title='bbox 177 2429 294 2515; x_wconf 74' lang='grc' dir='ltr'><strong><em>ἀρέσκῃ</em></strong></span> <span class='ocrx_word' id='word_1_119' title='bbox 321 2435 495 2506; x_wconf 78' lang='lat' dir='ltr'>poterunt?</span> <span class='ocrx_word' id='word_1_120' title='bbox 519 2430 638 2492; x_wconf 75' lang='grc' dir='ltr'><strong><em>ἐπειδὰν</em></strong></span> <span class='ocrx_word' id='word_1_121' title='bbox 663 2431 895 2510; x_wconf 85' lang='grc' dir='ltr'><strong><em>ε’ττιχειροτονῶσι</em></strong></span> <span class='ocrx_word' id='word_1_122' title='bbox 919 2431 969 2504; x_wconf 81' lang='grc' dir='ltr'><strong><em>τὰς</em></strong></span> <span class='ocrx_word' id='word_1_123' title='bbox 993 2432 1112 2511; x_wconf 76' lang='grc' dir='ltr'><strong><em>γνώμας</em></strong></span> <span class='ocrx_word' id='word_1_124' title='bbox 1136 2433 1156 2492; x_wconf 87' lang='lat' dir='ltr'>i.</span> <span class='ocrx_word' id='word_1_125' title='bbox 1171 2449 1197 2492; x_wconf 85' lang='lat' dir='ltr'>e.</span> <span class='ocrx_word' id='word_1_126' title='bbox 1222 2448 1296 2492; x_wconf 84' lang='lat' dir='ltr'>cum</span> <span class='ocrx_word' id='word_1_127' title='bbox 1321 2432 1359 2492; x_wconf 84' lang='lat' dir='ltr'>de</span> 
     </span>
     <span class='ocr_line' id='line_1_17' title="bbox 176 2546 1359 2622; baseline 0.001 -17"><span class='ocrx_word' id='word_1_128' title='bbox 176 2546 322 2622; x_wconf 85' lang='lat' dir='ltr'>singulis</span> <span class='ocrx_word' id='word_1_129' title='bbox 346 2547 470 2606; x_wconf 89' lang='lat' dir='ltr'>consilii</span> <span class='ocrx_word' id='word_1_130' title='bbox 492 2548 638 2621; x_wconf 90' lang='lat' dir='ltr'>partibus</span> <span class='ocrx_word' id='word_1_131' title='bbox 662 2547 763 2621; x_wconf 91' lang='lat' dir='ltr'>deque</span> <span class='ocrx_word' id='word_1_132' title='bbox 787 2547 1067 2607; x_wconf 86' lang='lat' dir='ltr'>emendationibus</span> <span class='ocrx_word' id='word_1_133' title='bbox 1091 2547 1129 2606; x_wconf 91' lang='lat' dir='ltr'>ab</span> <span class='ocrx_word' id='word_1_134' title='bbox 1154 2547 1227 2606; x_wconf 91' lang='lat' dir='ltr'>aliis</span> <span class='ocrx_word' id='word_1_135' title='bbox 1250 2561 1359 2622; x_wconf 90' lang='lat' dir='ltr'>propo·</span> 
     </span>
     <span class='ocr_line' id='line_1_18' title="bbox 176 2660 1362 2736; baseline 0.002 -17"><span class='ocrx_word' id='word_1_136' title='bbox 176 2661 253 2720; x_wconf 87' lang='lat' dir='ltr'>sitis</span> <span class='ocrx_word' id='word_1_137' title='bbox 287 2660 479 2734; x_wconf 84' lang='lat' dir='ltr'>suffragium</span> <span class='ocrx_word' id='word_1_138' title='bbox 510 2661 649 2721; x_wconf 89' lang='lat' dir='ltr'>inierint.</span> <span class='ocrx_word' id='word_1_139' title='bbox 682 2661 820 2736; x_wconf 82' lang='lat' dir='ltr'>Etenim,</span> <span class='ocrx_word' id='word_1_140' title='bbox 850 2661 881 2720; x_wconf 95' lang='lat' dir='ltr'>id</span> <span class='ocrx_word' id='word_1_141' title='bbox 906 2662 989 2734; x_wconf 93' lang='lat' dir='ltr'>quod</span> <span class='ocrx_word' id='word_1_142' title='bbox 1014 2678 1099 2722; x_wconf 91' lang='lat' dir='ltr'>nunc</span> <span class='ocrx_word' id='word_1_143' title='bbox 1126 2661 1179 2721; x_wconf 87' lang='lat' dir='ltr'>vel</span> <span class='ocrx_word' id='word_1_144' title='bbox 1202 2676 1287 2720; x_wconf 90' lang='lat' dir='ltr'>unus</span> <span class='ocrx_word' id='word_1_145' title='bbox 1310 2661 1362 2721; x_wconf 89' lang='lat' dir='ltr'>hic</span> 
     </span>
     <span class='ocr_line' id='line_1_19' title="bbox 174 2773 1358 2850; baseline 0.001 -17"><span class='ocrx_word' id='word_1_146' title='bbox 174 2773 272 2834; x_wconf 90' lang='lat' dir='ltr'>locus</span> <span class='ocrx_word' id='word_1_147' title='bbox 296 2774 409 2834; x_wconf 91' lang='lat' dir='ltr'>docere</span> <span class='ocrx_word' id='word_1_148' title='bbox 432 2775 548 2850; x_wconf 89' lang='lat' dir='ltr'>potest,</span> <span class='ocrx_word' id='word_1_149' title='bbox 573 2775 716 2849; x_wconf 89' lang='lat' dir='ltr'>primurn</span> <span class='ocrx_word' id='word_1_150' title='bbox 741 2776 779 2834; x_wconf 94' lang='lat' dir='ltr'>de</span> <span class='ocrx_word' id='word_1_151' title='bbox 802 2777 872 2834; x_wconf 89' lang='lat' dir='ltr'>tota</span> <span class='ocrx_word' id='word_1_152' title='bbox 895 2776 965 2850; x_wconf 87' lang='lat' dir='ltr'>lege</span> <span class='ocrx_word' id='word_1_153' title='bbox 989 2775 1187 2848; x_wconf 89' lang='lat' dir='ltr'>decernitur;</span> <span class='ocrx_word' id='word_1_154' title='bbox 1209 2791 1273 2847; x_wconf 91' lang='lat' dir='ltr'>qua</span> <span class='ocrx_word' id='word_1_155' title='bbox 1292 2791 1358 2849; x_wconf 91' lang='lat' dir='ltr'>per·</span> 
     </span>
     <span class='ocr_line' id='line_1_20' title="bbox 175 2887 1359 2962; baseline 0 -16"><span class='ocrx_word' id='word_1_156' title='bbox 175 2887 246 2948; x_wconf 87' lang='lat' dir='ltr'>lata</span> <span class='ocrx_word' id='word_1_157' title='bbox 279 2890 352 2947; x_wconf 86' lang='lat' dir='ltr'>tum</span> <span class='ocrx_word' id='word_1_158' title='bbox 375 2889 506 2948; x_wconf 91' lang='lat' dir='ltr'>demum</span> <span class='ocrx_word' id='word_1_159' title='bbox 530 2889 569 2948; x_wconf 91' lang='lat' dir='ltr'>de</span> <span class='ocrx_word' id='word_1_160' title='bbox 592 2889 764 2948; x_wconf 90' lang='lat' dir='ltr'>sententiis</span> <span class='ocrx_word' id='word_1_161' title='bbox 788 2904 901 2948; x_wconf 90' lang='lat' dir='ltr'>eorum</span> <span class='ocrx_word' id='word_1_162' title='bbox 925 2889 1127 2962; x_wconf 89' lang='lat' dir='ltr'>deliberatur,</span> <span class='ocrx_word' id='word_1_163' title='bbox 1154 2887 1207 2960; x_wconf 92' lang='lat' dir='ltr'>qui</span> <span class='ocrx_word' id='word_1_164' title='bbox 1232 2888 1359 2962; x_wconf 86' lang='lat' dir='ltr'>aliquod</span> 
     </span>
     <span class='ocr_line' id='line_1_21' title="bbox 179 2999 1160 3077; baseline -0.001 -17"><span class='ocrx_word' id='word_1_165' title='bbox 179 3003 281 3077; x_wconf 87' lang='lat' dir='ltr'>caput</span> <span class='ocrx_word' id='word_1_166' title='bbox 305 3002 461 3061; x_wconf 90' lang='lat' dir='ltr'>mutando</span> <span class='ocrx_word' id='word_1_167' title='bbox 485 3001 629 3061; x_wconf 90' lang='lat' dir='ltr'>addendo</span> <span class='ocrx_word' id='word_1_168' title='bbox 654 3002 811 3062; x_wconf 90' lang='lat' dir='ltr'>demendo</span> <span class='ocrx_word' id='word_1_169' title='bbox 836 3003 994 3076; x_wconf 86' lang='lat' dir='ltr'>corrigere</span> <span class='ocrx_word' id='word_1_170' title='bbox 1018 2999 1160 3061; x_wconf 89' lang='lat' dir='ltr'>student.</span> 
     </span>
    </p>
   </div>
   <div class='ocr_carea' id='block_1_3' title="bbox 224 3185 1305 3304">
    <p class='ocr_par' dir='ltr' id='par_1_3' title="bbox 224 3185 1305 3304">
     <span class='ocr_line' id='line_1_22' title="bbox 224 3185 1305 3304; baseline -0.001 -16"><span class='ocrx_word' id='word_1_171' title='bbox 224 3230 291 3289; x_wconf 84' lang='lat'>203</span> <span class='ocrx_word' id='word_1_172' title='bbox 317 3244 384 3303; x_wconf 86' lang='lat' dir='ltr'>sqq.</span> <span class='ocrx_word' id='word_1_173' title='bbox 431 3230 478 3288; x_wconf 92' lang='lat' dir='ltr'>De</span> <span class='ocrx_word' id='word_1_174' title='bbox 501 3229 620 3304; x_wconf 89' lang='lat' dir='ltr'>Ulysse</span> <span class='ocrx_word' id='word_1_175' title='bbox 644 3230 723 3288; x_wconf 90' lang='lat' dir='ltr'>haec</span> <span class='ocrx_word' id='word_1_176' title='bbox 746 3185 921 3289; x_wconf 88' lang='lat' dir='ltr'>simulatus</span> <span class='ocrx_word' id='word_1_177' title='bbox 946 3230 1070 3288; x_wconf 89' lang='lat' dir='ltr'>Mentor</span> <span class='ocrx_word' id='word_1_178' title='bbox 1092 3229 1305 3288; x_wconf 88' lang='lat' dir='ltr'>vaticinatur:</span> 
     </span>
    </p>
   </div>
   <div class='ocr_carea' id='block_1_4' title="bbox 179 3339 1369 4554">
    <p class='ocr_par' dir='ltr' id='par_1_4' title="bbox 362 3339 1176 3421">
     <span class='ocr_line' id='line_1_23' title="bbox 362 3339 1176 3421; baseline -0.002 -20"><span class='ocrx_word' id='word_1_179' title='bbox 362 3339 398 3401; x_wconf 81' lang='grc' dir='ltr'><strong><em>οδ</em></strong></span> <span class='ocrx_word' id='word_1_180' title='bbox 422 3364 466 3402; x_wconf 87' lang='grc' dir='ltr'>τοι</span> <span class='ocrx_word' id='word_1_181' title='bbox 489 3339 530 3401; x_wconf 74' lang='grc' dir='ltr'>ἔτι</span> <span class='ocrx_word' id='word_1_182' title='bbox 554 3340 670 3420; x_wconf 61' lang='grc' dir='ltr'><strong><em>δδήρόν</em></strong></span> <span class='ocrx_word' id='word_1_183' title='bbox 692 3363 724 3421; x_wconf 85' lang='grc' dir='ltr'>χε</span> <span class='ocrx_word' id='word_1_184' title='bbox 747 3341 836 3418; x_wconf 80' lang='grc' dir='ltr'><em>φίλης</em></span> <span class='ocrx_word' id='word_1_185' title='bbox 859 3339 919 3402; x_wconf 83' lang='grc' dir='ltr'><strong><em>διττὸ</em></strong></span> <span class='ocrx_word' id='word_1_186' title='bbox 943 3341 1084 3421; x_wconf 77' lang='grc' dir='ltr'><strong><em>πατρίδος</em></strong></span> <span class='ocrx_word' id='word_1_187' title='bbox 1108 3341 1176 3418; x_wconf 73' lang='grc' dir='ltr'><strong><em>αἴης</em></strong></span> 
     </span>
    </p>

    <p class='ocr_par' dir='ltr' id='par_1_5' title="bbox 362 3449 1171 3537">
     <span class='ocr_line' id='line_1_24' title="bbox 362 3449 1171 3537; baseline -0.002 -23"><span class='ocrx_word' id='word_1_188' title='bbox 362 3452 483 3531; x_wconf 75' lang='grc' dir='ltr'><strong><em>ἔσσεται,</em></strong></span> <span class='ocrx_word' id='word_1_189' title='bbox 506 3452 575 3515; x_wconf 81' lang='grc' dir='ltr'><strong><em>οὐδ’</em></strong></span> <span class='ocrx_word' id='word_1_190' title='bbox 602 3454 631 3514; x_wconf 85' lang='grc' dir='ltr'><strong><em>εἴ</em></strong></span> <span class='ocrx_word' id='word_1_191' title='bbox 650 3451 704 3535; x_wconf 84' lang='grc' dir='ltr'>ιτὲρ</span> <span class='ocrx_word' id='word_1_192' title='bbox 727 3456 764 3513; x_wconf 63' lang='grc' dir='ltr'><strong><em>δε</em></strong></span> <span class='ocrx_word' id='word_1_193' title='bbox 788 3453 910 3532; x_wconf 80' lang='grc' dir='ltr'><strong><em>σιδήρεα</em></strong></span> <span class='ocrx_word' id='word_1_194' title='bbox 936 3449 1054 3532; x_wconf 80' lang='grc' dir='ltr'><strong><em>δέσματ’</em></strong></span> <span class='ocrx_word' id='word_1_195' title='bbox 1083 3452 1171 3537; x_wconf 74' lang='grc' dir='ltr'><strong><em>ἴχχσι·</em></strong></span> 
     </span>
    </p>

    <p class='ocr_par' dir='ltr' id='par_1_6' title="bbox 179 3565 1369 4554">
     <span class='ocr_line' id='line_1_25' title="bbox 361 3565 1183 3649; baseline -0.002 -21"><span class='ocrx_word' id='word_1_196' title='bbox 361 3568 522 3649; x_wconf 80' lang='grc' dir='ltr'><strong><em>φράσσεται</em></strong></span> <span class='ocrx_word' id='word_1_197' title='bbox 545 3569 584 3641; x_wconf 82' lang='grc' dir='ltr'>ὥς</span> <span class='ocrx_word' id='word_1_198' title='bbox 608 3591 640 3629; x_wconf 90' lang='grc' dir='ltr'>ιιε</span> <span class='ocrx_word' id='word_1_199' title='bbox 663 3566 776 3646; x_wconf 78' lang='grc' dir='ltr'><strong><em>νέηται,</em></strong></span> <span class='ocrx_word' id='word_1_200' title='bbox 798 3566 859 3628; x_wconf 79' lang='grc' dir='ltr'><strong><em>ἐπεὶ</em></strong></span> <span class='ocrx_word' id='word_1_201' title='bbox 883 3567 1092 3648; x_wconf 78' lang='grc' dir='ltr'><strong><em>πολυμήχανός</em></strong></span> <span class='ocrx_word' id='word_1_202' title='bbox 1117 3565 1183 3627; x_wconf 77' lang='grc' dir='ltr'><strong><em>ἔστι.</em></strong></span> 
     </span>
     <span class='ocr_line' id='line_1_26' title="bbox 226 3681 1362 3761; baseline -0.001 -17"><span class='ocrx_word' id='word_1_203' title='bbox 226 3683 414 3745; x_wconf 87' lang='lat' dir='ltr'>Lectionem</span> <span class='ocrx_word' id='word_1_204' title='bbox 438 3681 511 3743; x_wconf 78' lang='grc' dir='ltr'><strong><em>ἀιιοὶ</em></strong></span> <span class='ocrx_word' id='word_1_205' title='bbox 534 3701 590 3760; x_wconf 88' lang='lat' dir='ltr'>pro</span> <span class='ocrx_word' id='word_1_206' title='bbox 614 3681 694 3758; x_wconf 82' lang='grc' dir='ltr'><strong><em>οὐδέ,</em></strong></span> <span class='ocrx_word' id='word_1_207' title='bbox 717 3699 816 3758; x_wconf 88' lang='lat' dir='ltr'>quam</span> <span class='ocrx_word' id='word_1_208' title='bbox 839 3683 1000 3761; x_wconf 90' lang='lat' dir='ltr'>Didymus</span> <span class='ocrx_word' id='word_1_209' title='bbox 1024 3686 1269 3759; x_wconf 87' lang='lat' dir='ltr'>commemorat,</span> <span class='ocrx_word' id='word_1_210' title='bbox 1295 3685 1362 3744; x_wconf 80' lang='lat' dir='ltr'>Ari-</span> 
     </span>
     <span class='ocr_line' id='line_1_27' title="bbox 179 3797 1364 3874; baseline -0.004 -11"><span class='ocrx_word' id='word_1_211' title='bbox 179 3800 313 3863; x_wconf 91' lang='lat' dir='ltr'>starcho</span> <span class='ocrx_word' id='word_1_212' title='bbox 345 3800 484 3860; x_wconf 89' lang='lat' dir='ltr'>tribuere</span> <span class='ocrx_word' id='word_1_213' title='bbox 517 3800 665 3874; x_wconf 90' lang='lat' dir='ltr'>equidem</span> <span class='ocrx_word' id='word_1_214' title='bbox 697 3815 761 3859; x_wconf 91' lang='lat' dir='ltr'>non</span> <span class='ocrx_word' id='word_1_215' title='bbox 788 3800 912 3861; x_wconf 88' lang='lat' dir='ltr'>ausim:</span> <span class='ocrx_word' id='word_1_216' title='bbox 938 3800 1014 3859; x_wconf 91' lang='lat' dir='ltr'>licet</span> <span class='ocrx_word' id='word_1_217' title='bbox 1037 3799 1125 3858; x_wconf 91' lang='lat' dir='ltr'>enim</span> <span class='ocrx_word' id='word_1_218' title='bbox 1148 3797 1223 3857; x_wconf 90' lang='lat' dir='ltr'>boni</span> <span class='ocrx_word' id='word_1_219' title='bbox 1246 3798 1364 3858; x_wconf 89' lang='lat' dir='ltr'>habeat</span> 
     </span>
     <span class='ocr_line' id='line_1_28' title="bbox 180 3906 1364 3988; baseline -0.003 -14"><span class='ocrx_word' id='word_1_220' title='bbox 180 3912 313 3988; x_wconf 90' lang='lat' dir='ltr'>aliquid,</span> <span class='ocrx_word' id='word_1_221' title='bbox 339 3916 408 3973; x_wconf 91' lang='lat' dir='ltr'>tota</span> <span class='ocrx_word' id='word_1_222' title='bbox 431 3915 543 3973; x_wconf 89' lang='lat' dir='ltr'>tamen</span> <span class='ocrx_word' id='word_1_223' title='bbox 568 3916 618 3973; x_wconf 91' lang='lat' dir='ltr'>est</span> <span class='ocrx_word' id='word_1_224' title='bbox 641 3912 828 3988; x_wconf 82' lang='lat' dir='ltr'>salsissima,</span> <span class='ocrx_word' id='word_1_225' title='bbox 854 3914 939 3987; x_wconf 91' lang='lat' dir='ltr'>quod</span> <span class='ocrx_word' id='word_1_226' title='bbox 960 3913 1012 3973; x_wconf 89' lang='lat' dir='ltr'>vel</span> <span class='ocrx_word' id='word_1_227' title='bbox 1033 3928 1075 3971; x_wconf 85' lang='lat' dir='ltr'>ex</span> <span class='ocrx_word' id='word_1_228' title='bbox 1094 3927 1157 3970; x_wconf 94' lang='lat' dir='ltr'>uno</span> <span class='ocrx_word' id='word_1_229' title='bbox 1179 3906 1261 3985; x_wconf 78' lang='grc' dir='ltr'><em>ἀλλά,</em></span> <span class='ocrx_word' id='word_1_230' title='bbox 1280 3913 1364 3983; x_wconf 88' lang='lat' dir='ltr'>quod</span> 
     </span>
     <span class='ocr_line' id='line_1_29' title="bbox 180 4024 1364 4104; baseline -0.002 -18"><span class='ocrx_word' id='word_1_231' title='bbox 180 4041 300 4087; x_wconf 87' lang='lat' dir='ltr'>versus</span> <span class='ocrx_word' id='word_1_232' title='bbox 325 4027 387 4086; x_wconf 82' lang='lat'>206</span> <span class='ocrx_word' id='word_1_233' title='bbox 411 4027 554 4101; x_wconf 89' lang='lat' dir='ltr'>primurn</span> <span class='ocrx_word' id='word_1_234' title='bbox 578 4029 629 4087; x_wconf 91' lang='lat' dir='ltr'>est</span> <span class='ocrx_word' id='word_1_235' title='bbox 652 4026 855 4101; x_wconf 90' lang='lat' dir='ltr'>vocabulum,</span> <span class='ocrx_word' id='word_1_236' title='bbox 878 4026 1020 4104; x_wconf 88' lang='lat' dir='ltr'>apparet.</span> <span class='ocrx_word' id='word_1_237' title='bbox 1043 4024 1122 4100; x_wconf 79' lang='lat' dir='ltr'>Quid</span> <span class='ocrx_word' id='word_1_238' title='bbox 1142 4024 1232 4084; x_wconf 86' lang='lat' dir='ltr'>enirn</span> <span class='ocrx_word' id='word_1_239' title='bbox 1253 4025 1364 4085; x_wconf 90' lang='lat' dir='ltr'>durius</span> 
     </span>
     <span class='ocr_line' id='line_1_30' title="bbox 179 4137 1365 4215; baseline -0.003 -15"><span class='ocrx_word' id='word_1_240' title='bbox 179 4155 283 4215; x_wconf 87' lang='lat' dir='ltr'>quam</span> <span class='ocrx_word' id='word_1_241' title='bbox 307 4139 386 4199; x_wconf 88' lang='lat' dir='ltr'>duas</span> <span class='ocrx_word' id='word_1_242' title='bbox 406 4140 557 4214; x_wconf 88' lang='lat' dir='ltr'>deinceps</span> <span class='ocrx_word' id='word_1_243' title='bbox 576 4155 694 4215; x_wconf 90' lang='lat' dir='ltr'>ponere</span> <span class='ocrx_word' id='word_1_244' title='bbox 714 4141 896 4201; x_wconf 88' lang='lat' dir='ltr'>sententias</span> <span class='ocrx_word' id='word_1_245' title='bbox 915 4140 954 4200; x_wconf 91' lang='lat' dir='ltr'>ab</span> <span class='ocrx_word' id='word_1_246' title='bbox 976 4137 1047 4198; x_wconf 75' lang='lat' dir='ltr'>dilui</span> <span class='ocrx_word' id='word_1_247' title='bbox 1066 4138 1283 4212; x_wconf 86' lang='lat' dir='ltr'>incipientes?</span> <span class='ocrx_word' id='word_1_248' title='bbox 1304 4138 1365 4197; x_wconf 80' lang='lat' dir='ltr'>Sed</span> 
     </span>
     <span class='ocr_line' id='line_1_31' title="bbox 180 4250 1366 4330; baseline -0.004 -17"><span class='ocrx_word' id='word_1_249' title='bbox 180 4253 317 4327; x_wconf 82' lang='lat' dir='ltr'>vulgata</span> <span class='ocrx_word' id='word_1_250' title='bbox 346 4253 441 4313; x_wconf 89' lang='lat' dir='ltr'>lectio</span> <span class='ocrx_word' id='word_1_251' title='bbox 473 4253 574 4313; x_wconf 88' lang='lat' dir='ltr'>etiam</span> <span class='ocrx_word' id='word_1_252' title='bbox 604 4253 694 4328; x_wconf 90' lang='lat' dir='ltr'>peior</span> <span class='ocrx_word' id='word_1_253' title='bbox 723 4253 860 4313; x_wconf 89' lang='lat' dir='ltr'>videtur.</span> <span class='ocrx_word' id='word_1_254' title='bbox 895 4253 975 4330; x_wconf 78' lang='lat' dir='ltr'>Quid</span> <span class='ocrx_word' id='word_1_255' title='bbox 1007 4253 1119 4312; x_wconf 83' lang='lat' dir='ltr'>enim?</span> <span class='ocrx_word' id='word_1_256' title='bbox 1146 4250 1366 4310; x_wconf 88' lang='lat' dir='ltr'>Rediturusne</span> 
     </span>
     <span class='ocr_line' id='line_1_32' title="bbox 180 4365 1368 4443; baseline -0.005 -14"><span class='ocrx_word' id='word_1_257' title='bbox 180 4369 320 4442; x_wconf 90' lang='lat' dir='ltr'>Ulysses</span> <span class='ocrx_word' id='word_1_258' title='bbox 351 4370 410 4443; x_wconf 90' lang='lat' dir='ltr'>est,</span> <span class='ocrx_word' id='word_1_259' title='bbox 444 4367 574 4428; x_wconf 89' lang='lat' dir='ltr'>etiamsi</span> <span class='ocrx_word' id='word_1_260' title='bbox 606 4368 739 4426; x_wconf 90' lang='lat' dir='ltr'>teneant</span> <span class='ocrx_word' id='word_1_261' title='bbox 770 4381 845 4426; x_wconf 92' lang='lat' dir='ltr'>eum</span> <span class='ocrx_word' id='word_1_262' title='bbox 875 4367 1006 4428; x_wconf 90' lang='lat' dir='ltr'>vincula</span> <span class='ocrx_word' id='word_1_263' title='bbox 1029 4366 1132 4426; x_wconf 84' lang='lat' dir='ltr'>ferrea</span> <span class='ocrx_word' id='word_1_264' title='bbox 1156 4365 1175 4423; x_wconf 90' lang='lat' dir='ltr'>i.</span> <span class='ocrx_word' id='word_1_265' title='bbox 1191 4380 1217 4423; x_wconf 92' lang='lat' dir='ltr'>e.</span> <span class='ocrx_word' id='word_1_266' title='bbox 1243 4365 1368 4437; x_wconf 90' lang='lat' dir='ltr'>irrupta</span> 
     </span>
     <span class='ocr_line' id='line_1_33' title="bbox 181 4461 1369 4554; baseline -0.005 -11"><span class='ocrx_word' id='word_1_267' title='bbox 181 4485 216 4544; x_wconf 92' lang='lat' dir='ltr'>et</span> <span class='ocrx_word' id='word_1_268' title='bbox 240 4496 322 4554; x_wconf 90' lang='lat' dir='ltr'>quae</span> <span class='ocrx_word' id='word_1_269' title='bbox 346 4481 435 4541; x_wconf 90' lang='lat' dir='ltr'>nulla</span> <span class='ocrx_word' id='word_1_270' title='bbox 460 4481 508 4541; x_wconf 90' lang='lat' dir='ltr'>vis</span> <span class='ocrx_word' id='word_1_271' title='bbox 532 4481 677 4540; x_wconf 90' lang='lat' dir='ltr'>humana</span> <span class='ocrx_word' id='word_1_272' title='bbox 701 4480 826 4541; x_wconf 87' lang='lat' dir='ltr'>solvere</span> <span class='ocrx_word' id='word_1_273' title='bbox 852 4482 904 4542; x_wconf 92' lang='lat' dir='ltr'>vel</span> <span class='ocrx_word' id='word_1_274' title='bbox 924 4461 1072 4554; x_wconf 86' lang='lat' dir='ltr'>frangere</span> <span class='ocrx_word' id='word_1_275' title='bbox 1092 4478 1220 4553; x_wconf 87' lang='lat' dir='ltr'>possit?</span> <span class='ocrx_word' id='word_1_276' title='bbox 1240 4475 1369 4552; x_wconf 83' lang='lat' dir='ltr'>Dixeris</span> 
     </span>
    </p>
   </div>
   <div class='ocr_carea' id='block_1_5' title="bbox 0 0 1646 5262">
    <p class='ocr_par' dir='ltr' id='par_1_7' title="bbox 0 0 1646 5262">
     <span class='ocr_line' id='line_1_34' title="bbox 0 0 1646 5262; baseline 0 0"><span class='ocrx_word' id='word_1_277' title='bbox 0 0 1646 5262; x_wconf 95' lang='lat' dir='ltr'> </span> 
     </span>
    </p>
   </div>
  </div>
 </body>
</html>
