3310 5262
748 658 809 716 123

227 845 337 903 Versu
369 844 433 903 484
464 839 585 901 νέεσθαι
619 845 820 904 veniendi
855 859 952 903 sensu
987 844 1130 918 positum
1162 859 1234 902 esse
1265 843 1363 903 allato

181 975 199 1015 σ
228 960 295 1018 186
321 957 478 1030 monetis;
503 959 599 1032 recte,
625 973 703 1016 nam
727 952 775 1016 vs
801 959 865 1017 496
889 957 1046 1031 Euryclea
1070 957 1186 1016 dicitur
1209 957 1296 1016 abire

412 1067 591 1150 ἀγγελέουσα
613 1067 731 1149 γυναιξὶ
754 1067 805 1129 καὶ
828 1066 1008 1148 ὀτρυνέουσα
1032 1067 1162 1130 νέεσθαι.

230 1187 297 1246 Sed
331 1186 407 1260 quid
438 1201 523 1245 nunc
555 1188 605 1245 est
636 1182 710 1243 κατὰ
740 1185 849 1262 dopo?
880 1187 931 1246 An
962 1202 1018 1260 per
1049 1188 1135 1246 totas
1162 1187 1258 1245 aedes
1288 1185 1363 1244 illae

181 1301 344 1360 mulieres
375 1315 506 1374 sparsae
538 1302 630 1359 erant
661 1301 884 1374 iungendoque
915 1300 1000 1360 inter
1030 1316 1065 1360 se
1099 1299 1196 1370 πάσας
1227 1302 1259 1358 et
1290 1296 1365 1357 κατὰ

182 1413 274 1487 σῶμα
305 1414 366 1474 hoc
396 1429 511 1472 sensu:
547 1428 680 1487 „omnes
711 1413 874 1488 mulieres,
906 1428 988 1486 quae
1019 1414 1096 1473 sunt
1126 1413 1208 1472 aliae
1234 1413 1268 1471 in
1291 1412 1364 1471 aliis

183 1527 319 1586 aedium
342 1527 534 1601 partibus''?
557 1527 686 1585 Dixeris
708 1530 837 1601 propter
861 1543 909 1586 vs.
934 1527 998 1586 495
1023 1542 1089 1600 sq:

366 1647 459 1719 γρῆυς
483 1635 511 1698 δ’
539 1629 599 1699 αὖτ’
625 1636 723 1718 ἀντέβη
747 1636 797 1698 διὰ
821 1639 942 1716 δώματα
965 1633 1025 1698 κάλ’
1049 1634 1194 1717 Ὀδυσῆος

368 1750 546 1832 ἀγγελέουσα
568 1750 687 1832 γυναιξὶ
709 1750 765 1812 κτὲ.

232 1870 279 1929 At
302 1868 368 1927 illic
390 1869 505 1928 statim
528 1868 691 1941 sequitur:

234 1983 298 2042 497
368 1983 401 2041 αἳ
424 1977 451 2040 δ’
479 1981 548 2040 ἴσαν
572 1979 604 2040 ἐκ
627 1980 766 2061 μεγάροιο
791 1981 862 2052 δάος
886 1978 958 2059 μετὰ
980 1979 1078 2060 χερσὶν
1102 1978 1229 2060 ἔχουσαι.

232 2097 304 2155 Non
347 2113 388 2156 ex
430 2097 567 2156 diversis
609 2113 684 2170 ergo
719 2097 863 2172 partibus
899 2097 1028 2156 aedium
1062 2096 1198 2156 veniunt
1232 2095 1289 2154 sed
1324 2110 1364 2152 ex

185 2211 304 2270 eodem
338 2227 452 2270 omnes
487 2210 641 2270 conclavi.
677 2211 747 2270 Non
782 2212 874 2270 video
908 2211 1068 2283 quomodo
1103 2211 1183 2270 haec
1214 2211 1297 2268 inter
1328 2224 1363 2266 se

182 2324 386 2384 reconciliari
420 2325 555 2399 possint,
591 2324 800 2398 lubenterque
835 2323 1010 2384 Kirchoffio
1042 2323 1226 2397 obtempero
1257 2324 1364 2381 totum

182 2437 280 2496 illum
313 2453 443 2496 versum
476 2439 539 2497 497
572 2439 701 2497 delenti.
733 2439 866 2498 Accedit
893 2438 981 2497 enim
1004 2438 1087 2511 quod
1111 2437 1193 2496 satis
1217 2437 1294 2494 dure
1318 2435 1364 2493 illi

183 2551 241 2611 hic
264 2552 429 2611 adiicitur:

412 2666 444 2722 αἳ
467 2661 520 2741 μὲν
542 2660 584 2744 ἄρ’
611 2662 792 2744 ἀμφεχέοντο
816 2663 866 2725 καὶ
890 2659 1044 2743 ἠσπάζοντ’
1067 2660 1198 2738 Ὀδυσῆα

187 2780 336 2853 quodque
360 2779 467 2853 inepte
490 2781 660 2853 tamquam
683 2781 716 2838 in
739 2796 858 2854 pompa
881 2780 1027 2853 singulae
1050 2780 1155 2838 facem
1180 2779 1302 2837 tenent.

233 3008 298 3067 494
323 3008 400 3081 Igne
424 3008 485 3066 sibi
509 3011 541 3067 et
565 3008 718 3081 sulphure
743 3007 781 3066 ab
806 3007 964 3080 Euryclea
988 3007 1087 3066 allato
1111 3005 1267 3078 Ulysses:
1390 3075 1391 3078 Ἴ

413 3113 446 3181 εὖ
472 3119 626 3180 ἕθεείωσεν
650 3118 779 3200 μέγαρον
802 3118 852 3179 καὶ
877 3121 960 3197 δῶμα
986 3117 1036 3179 καὶ
1059 3117 1164 3195 αὐδήν.

216 3237 424 3318 innotatis:
449 3217 678 3311 „conclave
699 3236 742 3304 (in
767 3252 828 3308 quo
853 3237 980 3308 strages
1003 3247 1174 3308 procorum
1192 3233 1280 3292 facta
1302 3235 1363 3303 esti

189 3353 340 3424 totasque
365 3351 489 3410 aedes
513 3352 609 3422 atque
634 3349 781 3408 aulam.
807 3349 924 3422 Incipit
947 3349 986 3406 ab
1011 3348 1080 3422 ipso
1104 3347 1158 3420 qui
1182 3347 1279 3405 caede
1302 3346 1366 3420 pol-

191 3467 280 3526 lutus
312 3468 362 3525 est
392 3467 471 3540 loco,
506 3465 618 3525 deinde
650 3466 756 3523 totam
787 3481 882 3524 suam
914 3465 1048 3523 domum
1079 3462 1229 3521 lustrat.”
1258 3462 1368 3536 Neque

193 3581 286 3640 credo
318 3580 412 3639 aliter
442 3579 498 3638 illa
527 3578 684 3638 vocabula
715 3578 852 3651 intelligi
878 3593 982 3651 posse.
1009 3577 1070 3636 Sed
1094 3575 1122 3634 si
1146 3575 1214 3648 ipse
1235 3577 1369 3635 totam

193 3694 355 3752 domurn
397 3692 533 3765 Ulysses
575 3692 702 3766 lustrat,
747 3707 802 3750 cur
840 3693 1008 3765 praeterea
1042 3704 1142 3749 anum
1175 3689 1369 3761 Eurycleam

193 3808 298 3865 totam
329 3821 513 3880 percurrere
545 3807 679 3864 domum
711 3805 796 3879 cogit
820 3806 859 3864 ad
883 3803 1018 3864 ancillas
1042 3802 1229 3863 vocandas?
1253 3802 1369 3876 Quidni

193 3921 261 3993 ipse
292 3920 371 3978 illud
401 3918 516 3994 παριών
550 3920 652 3978 facit?
682 3919 753 3979 Non
785 3935 856 3979 esse
888 3917 967 3977 illud
999 3919 1105 3992 regiae
1141 3916 1310 3990 dignitatis
1341 3916 1369 3974 si

193 4035 265 4107 quis
297 4033 390 4107 dicat,
417 4033 566 4106 equidem
590 4034 803 4107 respondeam
827 4032 997 4092 absurdius
1021 4035 1133 4092 tamen
1156 4046 1228 4090 esse
1253 4032 1369 4090 solem-

195 4151 278 4208 niter
300 4164 357 4222 per
380 4163 572 4222 praeconem
593 4148 632 4206 ad
652 4164 688 4206 se
708 4163 871 4207 arcessere
892 4147 1050 4223 homines,
1073 4147 1112 4205 ad
1133 4160 1213 4216 quos
1233 4145 1369 4204 vixdum

195 4264 329 4323 dimisso
352 4277 509 4336 praecone
534 4261 602 4334 ipse
626 4259 672 4318 sis
697 4260 810 4319 iturus.
837 4261 958 4321 Deinde
982 4261 1117 4320 ancillae
1138 4257 1213 4318 illae
1233 4273 1282 4318 vs
1304 4261 1369 4318 498

195 4394 241 4451 sq.
272 4378 427 4452 Ulyssem
457 4349 627 4448 tamquam
658 4390 743 4434 nunc
766 4375 909 4448 primurn
933 4376 1041 4435 visum
1065 4374 1218 4434 salutant.
1245 4372 1370 4447 Ergone

198 4492 393 4551 lustrantem
415 4492 525 4550 videre
549 4505 584 4548 se
608 4489 920 4549 dissimulaverunt?
