3310 5262
243 865 300 924 158
323 880 393 938 sqq.
616 925 617 929 ,

367 987 402 1061 τῇ
426 971 454 1036 δ’
480 971 529 1055 άρ’
555 973 598 1037 ἐνὶ
621 973 706 1056 φρὲσ’
733 976 824 1057 ἔθηκε
846 976 906 1039 θεὰ
928 983 1097 1059 γλαυκῶπις
1121 978 1242 1058 Ἀθήνη,

368 1091 462 1173 κούρῃ
485 1091 637 1168 Ρικαρίοιο
659 1091 817 1170 περίφρονι
843 1093 1041 1177 Πηνελοπείῃ,

368 1205 563 1284 μνηστήρεσσι
585 1201 749 1284 φανήμεν’,
772 1205 852 1280 ὅπως
876 1207 1006 1268 πετάσειε
1029 1208 1152 1286 μάλιστα

367 1318 468 1397 θυμὸν
493 1319 670 1398 μνηστήρων
693 1315 737 1379 ι’δὲ
760 1320 900 1397 τιμήεσσα
925 1318 1038 1400 γένοιτο

369 1437 480 1510 μᾶλλον
502 1431 576 1511 πρὸς
601 1432 704 1504 πόσιός
728 1455 756 1493 τε
779 1432 830 1494 καὶ
853 1432 943 1511 υἱέος,
965 1431 984 1512 ἢ
1007 1433 1102 1513 πάρος
1125 1426 1186 1513 ήεν.

237 1547 316 1608 Cum
347 1549 385 1607 de
415 1548 521 1621 aliquo
551 1548 683 1608 homine
714 1548 796 1609 irato
827 1550 942 1624 agitur,
975 1549 1064 1610 nulla
1095 1550 1145 1609 est
1168 1549 1365 1623 frequentior

191 1663 297 1736 imago
329 1677 426 1735 quam
458 1662 514 1721 illa
544 1663 624 1722 coeli
655 1663 735 1723 atris
766 1662 904 1723 nubibus
936 1663 1049 1723 obsiti:
1082 1663 1115 1723 in
1145 1663 1249 1723 fronte
1277 1664 1364 1723 enim

191 1775 239 1834 ira
262 1775 434 1849 conspicua
457 1777 516 1851 est,
542 1777 579 1835 de
604 1775 695 1836 cuius
719 1777 808 1851 rugis
832 1777 945 1836 eadem
970 1777 1113 1836 adhiberi
1137 1777 1243 1836 solent
1266 1777 1364 1836 verba

191 1906 272 1964 quae
292 1891 332 1949 de
350 1890 488 1950 nubibus
508 1891 541 1950 in
560 1905 621 1951 usu
641 1893 734 1950 sunt:
756 1891 999 1966 contrahuntur,
1013 1891 1127 1951 deinde
1140 1891 1363 1965 dispelluntur.

191 2003 389 2078 Quapropter
418 2004 594 2063 videndum
624 2021 665 2064 an
696 2020 760 2064 non
792 2020 839 2064 vs
872 2005 933 2064 160
957 2020 1014 2079 pro
1038 2003 1167 2062 πετάσειε
1191 2005 1364 2079 legendum

190 2117 235 2175 sit
264 2115 419 2175 σεεδάοειε.
450 2118 560 2177 Nostri
591 2119 701 2178 autem
728 2119 778 2176 est
802 2117 926 2176 arbitrii
950 2118 1067 2192 eligere
1091 2118 1201 2177 utrum
1224 2117 1365 2177 velimus

190 2246 277 2306 nam,
310 2231 393 2304 quod
425 2231 465 2290 ad
496 2231 612 2290 ductus
642 2231 810 2290 literarum
842 2229 991 2306 pertinet,
1024 2230 1104 2291 nihil
1135 2231 1201 2290 fere
1230 2231 1366 2290 interest

190 2345 276 2405 inter
300 2343 381 2417 ὅπως
405 2343 535 2403 πετάσειε
560 2345 593 2404 et
616 2341 695 2416 ὅπως
719 2341 874 2402 σκεδάσειε.

236 2569 299 2627 221
324 2585 392 2643 sqq.
416 2570 516 2629 Paulo
539 2571 612 2643 post
636 2569 713 2628 illud
737 2569 960 2628 mendicorum
983 2565 1141 2641 proelium
1165 2565 1198 2624 in
1222 2566 1366 2624 virorum

189 2681 343 2741 conclave
362 2683 453 2742 venit
471 2683 630 2757 Penelope
651 2684 683 2742 et
703 2681 934 2741 Telemachum
953 2681 1005 2739 his
1024 2680 1230 2754 reprehendit
1243 2678 1365 2737 verbis:

370 2788 434 2855 elev
459 2793 496 2872 δή
520 2794 586 2855 τόδε
607 2792 717 2874 άέργον
743 2791 786 2855 ἐνὶ
810 2794 980 2873 μεγάροισιν
1004 2791 1125 2871 ἐτάχθη,

368 2903 401 2979 ὃς
423 2906 474 2969 τὸν
499 2908 595 2980 ξεῖνον
619 2906 707 2979 ἔασας
731 2905 980 2983 άάεικισθήμεναι
1003 2905 1088 2965 οὕτω.

367 3030 429 3092 πῶς
452 3029 520 3098 νῦν,
543 3020 572 3080 εἴ
591 3044 617 3080 τι
640 3022 734 3093 ξεῖνος
760 3018 791 3079 ἓν
815 3016 977 3098 ἡμετέροισι
1002 3017 1118 3096 δόμοισι

371 3134 480 3214 ήμενος
505 3127 562 3195 ὧδε
586 3136 682 3194 πάθοι
705 3134 886 3215 ῥυστακτύος
909 3131 938 3206 ἐξ
962 3131 1127 3212 άλεγεινῆς;

368 3249 417 3310 σοί
437 3244 465 3308 κ’
494 3242 592 3328 αἶσχος
616 3249 698 3327 λώβη
721 3269 750 3308 τε
773 3242 834 3325 μετ’
863 3243 1051 3326 ἀνθρώποισι
1073 3243 1198 3307 πέλοιτο.

219 3364 372 3440 „Auditis
397 3366 434 3422 ut
457 3362 577 3439 opinor,
603 3379 701 3436 quam
724 3378 840 3437 parum
863 3363 1011 3436 venusta,
1037 3377 1135 3435 quarn
1159 3361 1283 3420 insulsa
1301 3359 1366 3419 lan-

189 3476 349 3551 guidaque
372 3477 416 3536 sit
440 3477 504 3536 ista
526 3477 675 3551 repetitio
697 3476 749 3536 ιὸν
774 3476 870 3548 ξεῖνον
884 3521 889 3533 .
904 3521 929 3533 ..
955 3476 1056 3548 ξεῖνος.
1080 3475 1173 3534 Nunc
1196 3474 1368 3533 verborum

190 3589 389 3650 sententiam
420 3590 671 3650 consideremus,
702 3590 855 3649 Potestne
886 3587 1024 3662 Ulysses
1055 3588 1118 3648 dici
1147 3587 1234 3646 male
1265 3587 1366 3646 mul-

191 3704 314 3763 catus
345 3719 439 3763 esse
471 3699 764 3780 (ἀεειιισθήμεναι)ἱ2
795 3703 900 3761 immo
924 3717 1000 3760 vero
1027 3701 1114 3776 „abit
1136 3701 1277 3760 violatus
1301 3700 1368 3761 vul-

188 3833 267 3877 nere
297 3816 417 3876 nullo.''
450 3818 501 3876 An
531 3816 614 3876 forte
642 3817 762 3891 cogitat
786 3816 944 3889 Penelope
968 3816 1007 3874 de
1030 3815 1084 3875 illo
1108 3815 1257 3899 scabello,
1283 3816 1367 3889 quod

190 3931 231 3991 ab
261 3931 401 3990 Antinoo
434 3930 616 3990 coniectum
646 3930 781 3989 humero
813 3928 940 4003 excepit
970 3928 1132 4002 Ulysses?
1162 3929 1233 3988 Non
1256 3928 1368 4002 opinor

190 4045 231 4103 de
261 4044 317 4103 illa
347 4060 381 4103 re
413 4045 583 4104 certiorem
615 4060 689 4103 earn
719 4044 850 4104 iactam.
883 4044 926 4104 At
953 4044 1112 4118 proelium
1135 4044 1212 4103 illud
1237 4045 1367 4102 tantum

190 4173 355 4216 rumorem
386 4158 516 4216 tantum
547 4158 722 4218 clamorem
755 4157 921 4230 risumque
952 4172 1122 4231 procorum
1153 4157 1310 4216 excitavit
1333 4158 1370 4217 ut

190 4269 326 4328 minime
356 4269 477 4329 mirum
508 4272 552 4330 sit
583 4270 783 4344 quaesivisse
814 4270 996 4345 Penelopen
1027 4270 1102 4344 quid
1129 4270 1183 4328 ille
1206 4270 1368 4330 tumultus

190 4383 252 4442 sibi
284 4382 391 4443 vellet.
424 4384 530 4457 Atque
561 4400 595 4444 re
627 4383 755 4457 cognita
785 4399 871 4442 nunc
894 4383 1124 4443 Telemachum
1148 4383 1366 4457 vituperat...

191 4497 271 4555 cur?
305 4497 422 4571 Opinoi·
453 4498 537 4570 quod
568 4497 700 4557 omnino
732 4497 810 4556 illud
837 4499 1002 4557 certamen
1025 4495 1094 4556 fieri
1117 4511 1234 4570 passus
1257 4498 1310 4572 sit,
1336 4497 1369 4555 in
