3310 5262
801 647 862 707 135

399 833 503 895 τέκνον
526 832 607 912 ἐμὸν,
629 833 658 894 τί
678 855 713 910 με
735 840 827 894 ταῦτα
850 833 972 914 διείρεαι
995 831 1048 912 ἠδὲ
1071 839 1229 919 μεταλλᾷςς

400 947 436 1010 ού
460 946 516 1029 γὰρ
539 947 577 1026 δὴ
600 955 706 1008 τοῦτον
728 943 782 1025 μὲν
804 945 983 1027 ἐβούλευσας
1005 947 1078 1010 νόον
1102 947 1189 1027 αύιή,

289 1064 354 1122 480
399 1059 439 1134 ὡς
462 1053 482 1140 ἦ
504 1083 549 1123 τοι
570 1061 688 1133 κείνους
708 1056 859 1135 Ὀδυσεύς.
872 1059 1040 1124 ἀποτίσεται
1062 1060 1178 1136 {tuom

398 1173 507 1257 λε’ρξον
531 1175 610 1249 ὅπως
634 1172 761 1248 ἐθέλεις·
780 1174 835 1236 ιιιὲ.

289 1292 481 1368 imperitum
514 1294 644 1368 poetam
680 1291 787 1367 arguit
820 1308 956 1353 acervus
987 1293 1219 1367 particularum
1251 1309 1299 1353 vs.
1332 1293 1418 1352 480:

247 1403 287 1477 ὡς
309 1396 328 1484 ἦ
351 1427 404 1467 τοι.

288 1630 349 1688 511
383 1645 430 1702 sq.
462 1630 532 1689 Iam
555 1629 674 1688 adsunt
696 1629 808 1689 hostes
831 1628 872 1688 ad
895 1628 1024 1702 Ulyssis
1048 1630 1142 1704 fores,
1170 1629 1235 1688 iarn
1260 1630 1328 1704 ipse
1352 1632 1419 1689 stat

243 1744 390 1802 armatus
425 1758 499 1803 cum
534 1742 649 1815 sociis;
685 1741 737 1802 hic
772 1743 924 1818 Minerva,
963 1742 1117 1802 Mentoris
1151 1745 1283 1817 sumpta
1317 1742 1420 1817 figura

242 1857 384 1930 apparet.
429 1855 497 1931 Qua
538 1855 610 1915 visa
652 1855 793 1915 laetatur
836 1855 889 1914 ille
924 1855 1056 1931 speique
1090 1856 1206 1929 plenus
1240 1855 1344 1916 filium
1379 1859 1418 1916 ad

242 1970 400 2043 proelium
425 1970 556 2030 excitat.
581 1969 643 2030 Hie
667 1970 898 2030 Telemachus:

419 2081 517 2161 ὄψεαι,
538 2083 573 2143 αί
593 2079 621 2143 κ’
636 2081 799 2167 ἐθέλῃσθα,
821 2083 911 2161 ιιοίιερ
936 2083 1012 2161 φίλε,
1034 2078 1106 2168 τῷδ’
1134 2081 1182 2143 uu
1204 2089 1295 2168 θυμῷ

420 2194 457 2256 ού
482 2220 507 2256 τι
531 2198 763 2276 καταισχύνοντα
787 2195 851 2256 τεὸν
876 2194 971 2275 γένος,
994 2194 1033 2269 ὡς
1058 2195 1217 2276 ἀγορεύεις.

286 2311 348 2371 Hic
379 2327 505 2385 quoque
536 2328 572 2372 se
603 2312 709 2387 prodit
732 2313 887 2372 imitator.
912 2313 996 2372 Nam
1019 2315 1106 2372 recte
1129 2313 1259 2386 quidem
1284 2313 1416 2372 dicitur:

241 2420 309 2508 τῇδ’
335 2424 382 2484 εἰιὶ
406 2435 507 2510 μορφῇ
530 2428 582 2487 vel
602 2421 675 2510 τῷδ’
698 2424 745 2486 ἐπὶ
766 2427 877 2504 σώματι
898 2425 952 2487 ούιι
972 2420 999 2503 εί
1016 2424 1166 2505 dodorim:
1183 2443 1277 2502 „cum
1289 2427 1417 2486 Vultum

242 2540 446 2614 speciemque
477 2541 597 2600 habeas
627 2541 793 2601 bellatoris
823 2543 979 2616 ignavum
1010 2545 1121 2602 tamen
1149 2544 1182 2602 te
1205 2541 1360 2615 praebes'’
1385 2542 1418 2599 et

241 2654 370 2731 similia,
403 2655 459 2714 sed
490 2649 561 2738 τῷδ’
597 2650 643 2714 ἐισί
670 2659 759 2738 θυμῷ
791 2653 827 2714 ού
851 2663 1036 2734 καταισχυνῶ
1059 2652 1091 2714 τὸ
1115 2651 1169 2714 σὸν
1193 2652 1294 2734 γένοςῑ
1322 2669 1415 2729 „n0n,

242 2782 316 2827 cum
339 2769 397 2828 tali
421 2769 485 2828 sim
505 2769 626 2829 virtute
648 2769 822 2845 praeditus
843 2769 990 2830 dedecori
1010 2784 1063 2828 ero
1083 2770 1159 2828 tuae
1178 2769 1288 2843 genti’
1309 2767 1415 2828 subin·

242 2883 354 2956 eptum
378 2883 437 2942 est.

707 3023 952 3030 ...m—..—

283 3220 418 3279 Habetis
438 3221 664 3280 annotationes
676 3235 777 3295 meas,
791 3221 913 3280 iustam
926 3220 1098 3293 epistolam
1110 3219 1255 3279 nondum
1269 3218 1414 3278 habetis:

240 3334 295 3394 illa
329 3334 417 3394 enim
448 3350 543 3394 suam
574 3334 636 3394 sibi
667 3333 847 3393 clausulam
877 3334 1038 3408 postulat;
1071 3348 1135 3393 non
1158 3335 1250 3408 potes
1274 3347 1347 3392 eam
1370 3333 1417 3392 sic

240 3449 363 3508 temere
394 3447 495 3508 finire.
528 3449 572 3508 At
602 3464 660 3522 ego
684 3449 759 3522 quid
782 3449 858 3508 novi
882 3447 934 3506 his
958 3448 1075 3508 addam
1099 3448 1216 3522 neseio
1241 3463 1417 3519 vereorque

239 3577 280 3622 ne
318 3562 411 3636 plura
445 3563 511 3622 iarn
546 3578 644 3636 quam
679 3577 759 3636 opus
794 3563 838 3621 sit
872 3561 1069 3634 scripserim.
1105 3561 1229 3636 Ergone
1263 3561 1417 3621 mulieres

239 3675 357 3750 imiter,
390 3691 471 3749 quae
503 3676 591 3736 omni
622 3675 782 3734 scribendi
814 3676 975 3735 exhausta
1002 3675 1140 3735 materia
1163 3678 1275 3736 tamen
1298 3676 1418 3750 aliquid

239 3805 274 3848 se
306 3789 456 3850 omisisse
487 3787 612 3863 fingant
642 3791 679 3848 ut
708 3788 994 3864 „post-scriptum
1019 3788 1098 3848 illud
1121 3789 1258 3850 adiicere
1281 3792 1416 3865 possint,

239 3918 301 3976 quo
333 3903 394 3962 rite
427 3917 535 3962 carere
565 3901 691 3962 nullam
716 3903 914 3963 arbitrantur
937 3901 1133 3976 epistolam?
1158 3903 1219 3962 Sed
1243 3903 1417 3977 quidquam

240 4032 292 4075 me
317 4016 467 4075 omisisse
491 4031 531 4075 ne
555 4014 676 4090 fingere
700 4016 831 4089 quidem
854 4031 998 4090 possum.
1025 4016 1103 4091 Quis
1127 4017 1215 4076 enim
1237 4017 1345 4077 credet
1364 4032 1417 4076 me

240 4129 272 4187 in
295 4144 408 4203 pecore
432 4145 505 4190 meo
528 4130 729 4190 numerando
752 4147 867 4204 parurn
890 4128 991 4190 fuisse
1017 4129 1229 4204 diligentem?

283 4242 389 4302 Redeo
421 4258 495 4317 ergo
527 4244 611 4303 unde
642 4259 735 4303 orsus
762 4259 846 4303 sum.
871 4242 1018 4303 Profecto
1042 4242 1171 4318 ineptus
1196 4257 1303 4302 essem
1327 4242 1417 4302 dissi-

240 4357 389 4433 mulator,
422 4357 451 4416 si
481 4372 636 4432 negarem
666 4373 720 4416 me
744 4358 804 4418 hoc
826 4357 992 4432 spectasse
1016 4357 1053 4416 ut
1075 4372 1150 4416 mea
1173 4371 1299 4430 quoque
1322 4371 1419 4431 opera

240 4470 322 4532 lucis
357 4471 476 4547 aliquid
511 4472 601 4548 poesi
636 4471 744 4548 opicae
780 4472 921 4533 Graecae
955 4470 1189 4532 offunderetur:
1222 4487 1318 4533 nemo
1348 4473 1418 4532 tam
