3270 5262
724 675 775 745 Ι51

164 873 259 932 enim
277 873 355 933 haec
374 873 552 933 sententia:
577 872 653 946 „sed
674 874 714 932 et
734 871 813 932 haec
829 872 923 931 navis
935 871 1109 948 interisset,
1124 871 1187 932 nisi
1199 871 1340 931 salutem

164 987 334 1047 attulisset
356 988 468 1047 Iuno’'.
495 988 593 1047 Hisce
618 986 768 1046 omnibus
788 986 999 1046 consideratis
1019 987 1066 1046 sic
1084 986 1150 1045 iere
1170 984 1342 1059 legendum

164 1116 303 1160 censeo:

302 1213 354 1273 καί
374 1214 412 1274 νύ
435 1235 467 1273 ιιε
490 1211 618 1290 καλιὴν
641 1207 713 1291 κῦμ’
740 1211 843 1291 ἔβαλεν
867 1213 992 1292 μεμοίλας
1015 1210 1082 1273 ποτὶ
1104 1209 1219 1291 τιέτρας.
1235 1207 1255 1284 ¹)

214 1464 278 1522 116
314 1479 382 1537 sqq.
419 1464 606 1524 vitaturum
640 1479 676 1523 se
708 1462 891 1538 Charybdin
922 1465 956 1523 et
986 1462 1112 1537 Scyllae
1143 1464 1211 1522 vim
1243 1465 1343 1522 armis

162 1577 375 1651 repulsurum
398 1578 535 1652 Ulysses
559 1579 645 1638 dicit.
671 1579 732 1637 Hic
756 1577 862 1638 Circe:

349 1689 464 1769 σχέτλιε,
487 1688 537 1751 ιιαλ
561 1685 588 1750 δ’
615 1682 653 1750 αὖ
677 1713 722 1751 τοι
744 1691 889 1767 πολεμήια
913 1687 1006 1770 δέρμα
1030 1687 1138 1768 μέμηλε

347 1802 396 1864 καί
419 1802 528 1878 τιόνος;
551 1801 622 1866 οὐδὲ
644 1799 741 1864 θεοῖό
768 1803 940 1877 δτιοίείξεαι
963 1801 1158 1877 &duodecem

349 1915 367 1996 ἣ
392 1916 424 1978 δέ
446 1941 491 1978 τοι
514 1917 550 1978 οὐ
574 1916 683 1996 θνητὴ,
706 1911 764 1976 ἀλλ’
791 1915 946 1977 ἀθάνατον
970 1915 1063 1977 ιιαιιόν
1086 1915 1154 1993 έστι,

349 2031 469 2091 δίεινόν
493 2025 519 2090 τ’
546 2028 690 2111 ἀργαλέον
712 2053 742 2091 τε
766 2027 816 2090 καί
839 2028 943 2110 όίμριον
967 2026 1039 2090 οὐδὲ
1062 2028 1200 2109 μαχητόν·

350 2142 421 2206 οὐδέ
440 2145 482 2217 τίς
506 2140 561 2205 ἐστ’
589 2141 672 2223 ἀλκή·
696 2141 827 2225 φαγέμεν
850 2143 1005 2220 κάρτιστον
1028 2138 1080 2202 ἀπ’
1106 2143 1205 2222 αὐτῆς.

211 2260 277 2319 Pro
308 2257 439 2339 φαγέμεν
469 2258 623 2338 κάρτιστον
655 2253 710 2318 ἀντ’
744 2256 835 2336 αὐτῆς
864 2257 1036 2332 requiritur
1060 2258 1179 2332 aliquid
1204 2247 1248 2318 in‘
1262 2260 1345 2319 hanc

163 2374 387 2435 sententiam:
419 2375 695 2449 „quantocius
719 2375 792 2433 inde
815 2375 911 2448 iuge”
940 2375 977 2433 ut
1000 2373 1086 2431 recte
1110 2373 1201 2446 sequi
1224 2375 1344 2448 possit:

163 2490 192 2549 εἰ
217 2485 275 2568 γὰρ
300 2487 484 2571 δηθύνῃσθα
504 2485 559 2546 nvi.
581 2487 673 2548 Oerte
694 2488 799 2561 aliquo
820 2489 915 2548 modo
936 2487 1139 2546 efficiendum
1151 2489 1187 2546 ut
1199 2487 1344 2561 ineptum

163 2603 248 2663 illud
273 2595 325 2660 ἀπ’
352 2600 443 2678 αὐτῆς
466 2603 542 2662 sede
565 2617 626 2661 sua
648 2604 827 2661 moveatur.

214 2841 279 2899 247
305 2855 373 2913 sqq.
396 2840 460 2898 Sex
480 2839 615 2899 comites
635 2854 654 2898 a
674 2838 782 2912 Scylla
801 2840 910 2912 raptos
929 2839 1075 2898 narravit
1094 2838 1239 2912 Ulysses
1262 2838 1344 2897 Tum

164 2957 216 3016 sic
240 2954 362 3028 pergit:

306 3065 490 3144 σκεψόμενος
515 3061 540 3125 δ’
569 3064 597 3138 ἐς
621 3075 679 3143 νῆα
702 3063 784 3144 θοὴν
807 3064 868 3142 δίμα
892 3063 943 3124 καὶ
966 3061 1035 3141 μεθ’
1062 3064 1195 3146 ἑταίρους

306 3179 364 3260 ἤδη
388 3189 445 3240 τῶν
469 3178 578 3257 ἐνόησα
601 3179 696 3250 πόδας
720 3177 771 3239 καί
793 3184 890 3257 χεῖρας
914 3179 1027 3257 δίιιερθε

307 3289 397 3370 ὑψόσ’
425 3290 613 3371 ἀειρομένων.

217 3409 298 3484 Quid
328 3409 453 3482 primus
483 3409 600 3468 horum
632 3422 786 3467 versuum
817 3405 1001 3481 significat?
1028 3407 1096 3466 An:
1123 3408 1220 3483 „dum
1244 3409 1345 3468 oculis

165 3524 310 3584 miseros
340 3523 413 3583 illos
445 3523 580 3583 comites
612 3521 768 3594 sequebar
799 3536 902 3595 neque
933 3522 1044 3579 tamen
1075 3537 1095 3579 a
1125 3538 1208 3582 nave
1235 3523 1344 3582 oculos

197 3830 215 3878 ¹)
234 3825 309 3870 Haud
327 3825 459 3872 dissimilis
477 3826 536 3870 huic
555 3825 710 3869 coniecturae
730 3827 769 3869 est
794 3823 893 3877 egregia
908 3820 1049 3866 emendatio
1063 3831 1139 3873 quam
1154 3821 1185 3864 ad
1199 3827 1223 3876 χ,
1236 3822 1276 3864 456
1290 3832 1334 3874 pro

164 3894 271 3948 ponitis.
285 3893 323 3937 lbi
336 3893 453 3948 leguntur
467 3893 539 3938 haec:

471 3966 544 4028 αὐτὰρ
565 3964 700 4024 Τηλέμαχος
717 3965 755 4010 καί
772 3964 884 4024 βουκόλος
901 3961 940 4020 ἡδί
957 3963 1062 4021 συβώτης

470 4049 597 4109 λίστροισιν
614 4043 716 4090 δάπεδον
733 4046 796 4089 πύκα
813 4049 918 4100 ποιητοῖο
935 4040 1017 4097 δόμοιο

468 4123 540 4177 ’ξῦον
557 4126 594 4170 ταί
612 4124 635 4170 δ’
657 4125 738 4187 έφερον
755 4123 838 4184 δμῳαί,
852 4122 962 4168 ’τίθεσαν
979 4120 1004 4166 δέ
1022 4121 1115 4180 θύραζ.

198 4197 294 4242 Ultimo
313 4208 387 4242 versu
405 4197 560 4242 desideratur
578 4196 711 4241 verborum
729 4195 810 4256 ἔφερον
827 4194 854 4238 et
870 4195 980 4238 δείδισαν
999 4192 1123 4236 obiectum
1143 4190 1207 4244 quod
1226 4202 1272 4236 vos
1286 4202 1343 4234 acu-

167 4263 270 4307 tissime
284 4263 486 4317 lepidissimoque
499 4261 636 4307 restituitis
650 4259 763 4313 legendo:

468 4333 538 4387 ’ξῦον
555 4336 592 4379 ταί
610 4335 635 4379 δὲ
653 4333 705 4392 ῥύετ’
726 4332 836 4394 ἐκφόρεον
850 4331 959 4375 ’τίθεσαν
976 4329 1002 4375 δὲ
1019 4332 1112 4392 θύραζε.

202 4407 241 4449 Sic
255 4407 329 4451 simul
343 4418 392 4451 uno
403 4411 442 4452 ταί
456 4405 560 4451 ancillae
573 4404 753 4458 significantur,
765 4402 831 4455 quod
842 4401 923 4446 multo
935 4402 974 4445 est
982 4402 1123 4456 elegantius
1131 4411 1205 4452 quam
1214 4399 1250 4444 ταί
1260 4397 1347 4459 δμῳαί.

174 4471 241 4514 Nam
258 4472 286 4516 de
304 4473 401 4516 ancillis
420 4483 559 4516 sermonem
579 4471 620 4514 hic
637 4481 692 4513 esse
711 4470 766 4512 tota
781 4468 852 4512 docet
866 4468 977 4510 narratio
991 4469 1091 4519 iamque
1105 4478 1141 4508 vs.
1156 4467 1194 4507 451
1210 4464 1239 4507 de
1253 4463 1341 4506 iisdem

172 4535 265 4588 legitur
281 4538 317 4582 ταί
335 4537 357 4582 δ’
377 4538 487 4599 ίιιφόρεον
504 4536 542 4581 καί
560 4537 655 4594 ἀνάγκῃ.
