3310 5262
515 1575 775 1685 LIBER
824 1575 1059 1683 XXIII.

243 2008 286 2066 52
318 2023 365 2081 sq.
396 2008 553 2082 Euryclea
583 2011 755 2083 postquam
779 2008 924 2068 narravit
946 2011 1106 2082 quomodo
1129 2011 1174 2070 sit
1196 2011 1282 2071 facta
1304 2028 1372 2086 pro-

194 2133 310 2178 corum
334 2124 461 2195 strages
485 2123 565 2181 haec
588 2122 693 2182 addit:

444 2229 501 2293 ἀλλ’
528 2229 597 2312 ἕπε’,
620 2231 699 2314 ὄφρα
723 2243 820 2310 σφῶιν
844 2232 1033 2314 ἐυφροσύνης
1057 2232 1165 2319 ἐπιβήῃ

443 2344 619 2428 ἀμφοτέρων
642 2348 730 2423 φίλον
757 2339 832 2426 ἦτορ.

242 2461 433 2520 Annotatis:
458 2458 566 2545 ἕτιβήῃ
589 2463 724 2539 Bekker‚
749 2461 889 2541 ἐπιβῆτον
902 2465 1044 2538 codices3
1068 2480 1150 2538 quae
1173 2466 1300 2525 novicia
1324 2469 1374 2525 est

195 2577 303 2635 forma
325 2592 382 2650 pro
408 2575 555 2654 -βήετον
575 2592 679 2650 neque
699 2577 863 2636 conciliari
883 2579 990 2650 potest
1010 2593 1084 2637 curn
1106 2586 1203 2651 σφῶιν
1224 2581 1257 2638 et
1276 2575 1373 2655 ἀμφο-

195 2686 295 2764 τέρων.
330 2690 468 2752 Bekkeri
503 2691 705 2750 coniecturae
742 2691 832 2750 iavet
865 2713 890 2768 χ,
923 2691 1020 2750 424.”
1052 2692 1096 2750 At
1126 2692 1207 2750 mihi
1237 2691 1374 2751 Bekkeri

195 2802 292 2862 lectio
326 2803 574 2876 languidissima
604 2804 747 2862 videtur:
782 2807 839 2878 „ut
870 2806 1016 2863 vestrum
1047 2805 1218 2865 amborum
1250 2822 1303 2866 cor
1334 2807 1374 2865 ad

196 2915 359 2976 laetitiam
381 2917 523 2977 veniat”.
549 2918 720 2991 Longeque
744 2917 831 2976 aliud
854 2918 905 2976 est
928 2918 1011 2991 quod
1034 2941 1059 2995 χ,
1082 2920 1146 2977 424
1170 2920 1305 2992 legitur:

442 3030 521 3089 τάων
544 3029 659 3089 δώδεκα
681 3038 773 3088 πᾶσαι
797 3026 948 3106 ἀναιδεΐης
972 3027 1129 3109 ἐπέβησαν.

240 3145 398 3217 Equidem
420 3160 477 3218 pro
501 3145 563 3204 isto
587 3141 727 3220 ἐπιβῆτον
751 3144 885 3204 coniicio
909 3141 1057 3223 ἐπιβήσωε
1085 3160 1238 3220 „sequere
1261 3160 1315 3204 me
1337 3146 1374 3203 ut

196 3257 364 3331 utriusque
389 3260 535 3317 vestrum
559 3259 704 3316 mentem
728 3259 767 3316 ad
791 3258 952 3316 laetitiam
971 3259 1161 3318 adducam'’.
1183 3257 1229 3318 Of.
1250 3281 1268 3334 η
1291 3259 1372 3317 223:

375 3365 460 3442 ὤςτί
487 3365 537 3446 ἐμὲ
558 3368 610 3429 τὸν
634 3368 783 3447 δύστηνον
807 3368 878 3448 ἐμῆς
903 3368 1054 3448 ἐπιβήσετε
1077 3371 1198 3450 πάτρης.

241 3485 354 3544 Rarior
384 3484 440 3544 illa
470 3484 575 3543 forma
605 3484 778 3545 transitiva
808 3486 902 3545 facile
934 3486 1133 3560 corruptelae
1157 3501 1273 3545 ansam
1298 3485 1373 3544 dare

197 3599 311 3672 potuit.

242 3824 283 3882 73
303 3837 372 3896 sqq.
393 3823 574 3896 Penelopen
593 3837 657 3881 non
677 3823 834 3883 maritum
853 3839 950 3882 suum
971 3839 1042 3882 esse
1062 3824 1155 3883 illum
1172 3822 1228 3882 sed
1241 3822 1374 3883 deorum

196 3936 336 4008 aliquem
357 3937 413 4009 qui
431 3951 544 4010 procos
564 3936 716 3995 occiderit
736 3936 897 3996 dicentem
917 3937 1074 4009 Euryclea
1089 3937 1253 4009 vituperat
1266 3952 1372 3996 suam-

196 4065 257 4122 que
281 4049 501 4109 narrationem
524 4049 571 4107 sic
595 4046 783 4110 confirmat:

373 4156 432 4222 ἀλλ’
457 4159 509 4242 ἄγε
531 4183 576 4221 τοι
598 4159 648 4221 acl
671 4169 750 4239 σῆμα
774 4157 938 4241 ἀριφραδὲς
961 4158 1030 4222 ἄλλο
1054 4184 1081 4221 τι
1103 4161 1211 4239 falna,

374 4273 478 4353 οὐλὴν,
499 4273 553 4352 τήν
576 4272 647 4334 ποτέ
671 4297 722 4352 μιν
746 4283 799 4347 σῦς
822 4272 913 4353 ἤλασε
936 4280 1029 4359 λευκῷ
1053 4271 1161 4336 ὀδόντι·

373 4387 428 4467 τὴν
451 4382 622 4460 ἀπονίζουσ’
648 4385 835 4466 ἐφρασάμην,
857 4385 963 4449 ἔθελον
983 4385 1015 4449 δὲ
1039 4387 1086 4448 σοὶ
1108 4387 1184 4473 αὐτῇ

374 4497 522 4581 ἒετπὲμεν
548 4498 603 4562 κτὲ.
