3270 5262
840 609 943 678 74'

273 805 382 864 minus
406 806 573 865 commode
596 805 659 878 legi
682 806 801 881 posset,
825 806 1011 867 intextum
1034 808 1207 884 irrepserit,
1233 807 1289 866 sed
1308 806 1356 866 ita
1374 821 1444 866 mu-

273 919 380 978 tatum
403 921 439 978 ut
462 919 567 979 iustus
591 919 781 978 hexameter
805 919 1011 993 expleretur?

318 1153 381 1212 421
407 1169 453 1226 sq.
478 1153 635 1227 Penelope
659 1152 794 1213 insidias
818 1170 837 1213 a
858 1156 964 1229 procis
987 1156 1180 1216 Telemacho
1203 1156 1345 1215 structas
1369 1170 1446 1213 cum

274 1266 460 1340 cognoverit
482 1265 516 1324 in
538 1266 717 1326 Antinoum
742 1269 774 1326 et
797 1267 870 1326 aliis
893 1267 1057 1328 invehitur
1080 1269 1187 1328 verbis
1211 1270 1244 1328 et
1266 1269 1373 1328 hisce:

451 1377 552 1457 μάργε,
573 1377 619 1455 τίη
643 1374 676 1438 δὲ
698 1371 744 1438 σὺΙ
761 1379 917 1466 Τηλεμάχῳ
941 1379 1075 1441 θάνατόν
1098 1403 1127 1441 τε
1151 1380 1243 1460 μόρον
1266 1403 1295 1441 τε

451 1489 584 1570 ῥάπτειςς
607 1487 672 1552 οὐδ’
700 1489 766 1570 ὁσίη
789 1490 866 1553 κακὰ
888 1490 1038 1573 ραπτὲμεν’
1065 1492 1215 1572 ἀλλήλοισι

274 1623 330 1681 pro
368 1602 517 1683 ἀλλήλοισι
552 1606 711 1667 coniicitis
744 1604 946 1685 illuderetur,
979 1608 1131 1682 quoniam
1165 1624 1263 1669 versu
1298 1608 1449 1682 sequenti

273 1721 434 1781 Antinous
466 1737 642 1796 peregre
672 1723 801 1782 venisse
833 1722 965 1782 dicatur.
993 1725 1037 1783 At
1060 1721 1129 1782 fleri
1152 1738 1216 1782 non
1239 1724 1346 1797 potest
1369 1722 1449 1796 quin

275 1831 403 1894 dativus
440 1835 496 1894 illo
530 1835 599 1895 loco
633 1836 758 1909 positus
793 1837 837 1896 sit
871 1836 999 1896 dativus
1034 1836 1221 1911 obiectivus,
1258 1851 1333 1909 ergo
1367 1835 1449 1895 illud

274 1945 466 2007 ἀλλοδαποῖσι
486 1949 534 2008 sic
553 1949 745 2008 vertendum
765 1950 843 2009 erit:
867 1949 927 2024 „iis
948 1949 1002 2023 qui
1020 1951 1052 2009 te
1065 1949 1204 2022 hospitio
1217 1949 1447 2021 exceperunt&

276 2062 364 2137 Quod
387 2063 479 2122 vetat
500 2063 660 2122 sermonis
684 2063 816 2123 indoles.

319 2287 383 2347 428
404 2287 547 2346 Revocat
566 2289 676 2346 autem
696 2287 829 2347 Alcinoo
849 2287 882 2347 in
901 2288 1094 2346 memoriam
1115 2286 1272 2361 Penelope
1288 2287 1449 2360 quomodo

275 2403 367 2475 puter
398 2401 467 2460 eius
491 2400 568 2459 olim
593 2401 729 2474 supplex
753 2401 900 2460 Ithacam
923 2401 1056 2460 venerit.
1081 2401 1169 2460 Iram
1193 2400 1280 2459 enim
1305 2399 1356 2458 sui
1379 2399 1450 2473 ipse

275 2516 424 2573 moverat
445 2514 563 2590 populi,
588 2529 680 2588 ergo:
748 2559 750 2563 .

431 2626 482 2686 τόν
505 2621 531 2706 ῤ’
558 2625 663 2687 ἔθελον
683 2631 793 2703 φθῖσαι
816 2625 866 2687 καὶ
890 2625 1068 2706 ἀπορραῖσαι
1091 2627 1180 2703 φίλον
1203 2618 1282 2705 ἦτορ.

321 2740 518 2816 Corruptane
541 2743 621 2802 haec
644 2757 663 2801 a
685 2743 814 2802 librario
834 2759 876 2802 an
894 2743 963 2817 ipse
982 2745 1077 2817 poeta
1096 2742 1256 2802 sermonis
1277 2741 1357 2815 epici
1376 2743 1449 2801 tam

275 2855 337 2914 fuit
358 2855 527 2929 imperitus
551 2857 587 2915 ut
610 2871 674 2915 non
693 2857 829 2917 sentiret
848 2872 946 2931 quarn
966 2858 1053 2918 istud
1073 2853 1250 2934 ἀπορραῖσαι
1269 2854 1357 2930 φίλον
1379 2844 1449 2932 ἦτορ

276 2970 423 3043 ineptum
458 2973 568 3030 esset?
601 2971 709 3030 Nares
743 2969 818 3049 ῥαίει
852 2971 1030 3047 Neptunus,
1064 2974 1159 3045 atque
1191 2970 1229 3029 ab
1261 2968 1317 3028 illa
1347 2967 1449 3042 stirpe

276 3084 423 3144 mallei
445 3101 564 3145 nomen
587 3083 708 3163 ῥαισιήρ
732 3086 846 3144 natum
870 3088 929 3146 est.
