3270 5262
732 746 771 804 19

164 931 200 992 ab
230 948 268 993 eo
301 932 454 1009 adhibita,
478 932 629 992 morbum
652 933 764 990 tamen
787 933 881 991 acute
905 931 1037 991 detexit.
1063 930 1139 1006 Quis
1163 931 1251 990 enim
1275 949 1339 993 non

163 1021 336 1106 offenditur
356 1048 518 1106 structura
537 1046 666 1121 tradita,
689 1061 787 1118 quam
807 1045 861 1119 qui
880 1047 1009 1120 propter
1029 1046 1194 1120 digamma
1213 1047 1337 1119 neglec-

162 1163 230 1219 tum
266 1162 302 1220 et
333 1159 497 1234 synizesin
529 1160 576 1219 ita
610 1160 780 1219 mutarunt
811 1162 848 1219 ut
878 1175 934 1234 pro
969 1149 985 1235 ἦ
1016 1155 1166 1234 εἰπέμεναι
1194 1159 1340 1233 legerent

160 1269 336 1349 tranimur
367 1274 470 1333 multo
501 1273 708 1336 reddiderunt
739 1274 910 1333 duriorem.
942 1274 1107 1333 Laudandi
1138 1289 1213 1348 ergo
1243 1263 1339 1350 quit

162 1387 277 1445 feraria
313 1387 448 1461 legendo
480 1388 566 1447 istud
597 1377 616 1464 ἧ
648 1389 841 1447 revocarunt
872 1387 910 1446 ab
943 1387 1067 1447 exsilio.
1100 1387 1161 1446 Sed
1192 1403 1232 1446 ne
1262 1387 1341 1447 illud

162 1499 295 1572 quidem
318 1515 434 1560 verum
457 1501 594 1560 videtur.
620 1500 794 1574 Scripsisse
819 1501 906 1559 enim
929 1503 1060 1575 poetam
1083 1501 1236 1560 arbitror:

345 1610 371 1671 εἰ
391 1613 508 1672 δειπεῖν
532 1614 666 1697 δμῳῇσιν
687 1607 851 1690 Ὀδυσσῆος
875 1613 970 1673 θείοιο

343 1721 460 1804 δέργων
482 1724 669 1803 παύσασθαι,
692 1724 807 1786 αὐτοῖσι
831 1721 863 1785 δὲ
886 1726 971 1786 δαῖτα
995 1723 1150 1804 πένεσθαι,

346 1837 455 1898 ὕστατα
477 1837 528 1898 καὶ
549 1838 670 1916 πύματα
693 1847 751 1898 νῦν
776 1837 885 1898 ἐνθάδε
910 1839 1107 1916 δειπνήσειαν.

204 1952 297 2011 Nihil
331 1952 451 2011 iratam
484 1952 665 2027 Penelopen
699 1953 811 2012 decere
841 1954 948 2028 magis
978 1953 1105 2013 videtur
1136 1969 1234 2027 quam
1265 1956 1343 2016 hoc:

163 2067 211 2142 „si
243 2067 310 2124 huc
333 2066 426 2125 venis
450 2068 487 2125 ut
514 2067 648 2126 ancillas
673 2082 786 2141 parare
809 2082 944 2127 coenam
967 2067 1072 2141 procis
1095 2066 1216 2143 iubeas
1242 2083 1260 2127 0
1284 2070 1344 2128 uti·

161 2195 240 2238 nam
278 2193 434 2252 suprema
463 2178 519 2238 illa
553 2195 667 2238 eorum
702 2195 801 2240 coena
837 2181 919 2240 sitl”
951 2180 1001 2239 Ex
1031 2179 1058 2239 εἰ
1086 2179 1179 2240 εἰπεῖν
1201 2182 1344 2255 primum

162 2295 282 2352 natum
307 2294 358 2352 est
381 2289 482 2368 εἰπεῖν,
509 2293 622 2353 deinde
647 2295 754 2353 cetera
779 2294 889 2354 omnia
911 2294 1002 2355 vitia.

208 2522 288 2580 710.
312 2519 398 2579 Vera
429 2535 527 2580 causa
552 2536 607 2580 cur
630 2522 744 2581 Medon
767 2522 933 2582 advenerit
955 2522 1091 2598 cognita,
1117 2521 1266 2581 flebiliter
1289 2522 1344 2580 Pe·

161 2635 281 2712 nelope
312 2634 422 2707 rogat:
457 2648 533 2708 „our
563 2633 650 2694 iilius
679 2649 774 2694 meus
796 2635 859 2694 iter
881 2635 960 2695 illud
983 2634 1188 2694 maritimum
1211 2634 1345 2708 periculi

161 2748 298 2821 plenum
325 2746 512 2821 suscepit‘?”

348 2849 367 2937 ἦ
391 2857 440 2918 ἵνα
464 2853 536 2937 μηδ’
564 2854 643 2937 ὄνομ’
671 2859 765 2921 αὐτοῦ
789 2857 821 2920 ἓν
845 2837 1037 2940 ἀνθρώποισι·
1055 2860 1191 2938 λίπηταις

162 2976 303 3049 Semper
332 2973 415 3033 mihi
447 2975 645 3048 corruptelae
671 2975 773 3035 oritur
796 2975 937 3050 suspicio
962 2991 1037 3035 cum
1060 2975 1143 3050 apud
1166 2975 1346 3034 Homerum

161 3087 260 3148 αὐτοῦ
296 3085 377 3170 αὐτῷ
412 3090 445 3147 et
475 3087 596 3148 similia
626 3091 796 3162 tamquam
827 3090 1020 3163 pronomina
1051 3089 1234 3163 personalia
1257 3089 1346 3163 (ciue,

162 3203 201 3274 ei)
235 3203 322 3276 lego,
356 3199 459 3276 Quare
490 3203 523 3260 et
553 3202 605 3261 hic
636 3204 833 3263 correctione
857 3218 937 3277 opus
962 3218 1034 3262 esse
1058 3203 1179 3276 opinor.
1203 3202 1348 3275 Propono

163 3318 298 3375 autem:

349 3416 368 3504 ἦ
393 3425 443 3485 ἵνα
466 3421 539 3505 μηδ’
566 3421 646 3505 ὄνομ’
673 3426 769 3489 αδτδ
793 3425 825 3487 ἐν
849 3425 1038 3508 ἀνθρώποισι
1060 3426 1195 3506 λίπηται;

167 3558 216 3602 ne
242 3556 394 3601 nomen
417 3541 584 3614 quidem
607 3542 760 3616 ipsum:
784 3543 846 3602 hoc
869 3545 920 3602 est
943 3543 1027 3616 quod
1049 3542 1102 3601 hic
1124 3542 1306 3615 requiritur.

169 3772 236 3832 732
256 3785 327 3843 sqq.
374 3767 401 3827 ει’
422 3766 477 3848 γὰρ
501 3766 557 3850 ἐγὼ
578 3763 737 3848 ’πυθόμην
759 3770 870 3849 ταύτην
894 3767 966 3830 δδδν
990 3766 1179 3850 ὁρμαίνοντα,

377 3891 416 3964 τῷ
439 3903 472 3942 κε
494 3876 557 3960 μάλ’
583 3879 602 3961 ἤ
625 3904 677 3943 ιιεν
699 3881 794 3962 ἔμεινε
816 3881 866 3944 καὶ
889 3881 1048 3962 ἐσσομένος
1072 3904 1126 3964 περ
1150 3879 1242 3960 ὁδοῖο,

377 3991 452 4073 ἤιέ
474 4017 509 4073 με
531 4000 696 4073 τεθνιμιῑαν
720 3993 763 4055 ἐνὶ
786 3996 955 4077 μεγάροισιν
978 3994 1079 4056 ἐδειπε.

217 4110 398 4183 Penelopes
429 4110 469 4169 ad
493 4110 627 4169 ancillas
650 4110 748 4170 verba
771 4113 849 4170 sunt
871 4110 987 4185 quibus
1011 4111 1049 4170 de
1072 4110 1258 4170 Telemachi
1280 4125 1350 4170 nar-

172 4226 263 4286 ravit
297 4223 501 4297 profectione.
548 4223 723 4298 Displicere
764 4224 857 4284 vobis
891 4225 1118 4300 imperfectum
1152 4221 1246 4282 ἔλειπε
1279 4225 1353 4298 post

174 4338 340 4398 aoristum
370 4332 462 4412 ἔμεινε
493 4337 629 4396 minime
661 4335 770 4412 miror,
802 4352 867 4398 non
897 4339 1061 4413 receptam
1085 4353 1104 4397 a
1126 4337 1219 4397 vobis
1242 4335 1353 4397 doben

176 4451 400 4511 coniecturam
435 4447 536 4528 ἔμιμνε
570 4465 627 4524 pro
658 4446 752 4526 ἔμεινε
783 4451 878 4511 valdo
907 4453 1017 4511 miror.
1049 4450 1223 4511 Annotatis
1255 4449 1352 4525 enim,

176 4565 234 4624 illa
267 4567 539 4624 commemorata:
574 4578 653 4639 „nos
683 4566 804 4640 tamen,
830 4566 924 4625 modo
948 4564 1070 4625 sineret
1088 4565 1241 4640 metrum,
1266 4579 1353 4638 prae-
