3310 5262
863 658 924 716 116

929 842 1002 904 ἀλλὰ
1025 841 1075 904 καὶ
1098 840 1205 916 ἄλλους

547 957 711 1022 ’παύεσκον
735 967 913 1040 μνηστῆρας.

349 1078 465 1137 Risum
499 1077 586 1136 enim
617 1077 728 1135 movet
757 1075 808 1133 vir
831 1074 885 1146 qui
908 1088 1021 1148 procos
1046 1089 1120 1134 cum
1147 1073 1274 1133 ancillis
1297 1075 1477 1136 concubitu·

303 1207 357 1252 ros
388 1192 479 1266 gravi
511 1190 655 1250 oratione
682 1205 723 1249 ne
747 1188 825 1248 illud
848 1188 970 1247 faciant
994 1188 1183 1248 obtestetur.
1207 1188 1317 1261 Neque
1340 1203 1477 1262 usquam

304 1308 373 1364 tota
409 1305 554 1378 Odyssea
589 1303 761 1376 quisquam
792 1302 824 1361 id
854 1302 977 1361 faciens
1002 1302 1173 1361 inducitur.
1199 1302 1261 1361 Sed
1284 1302 1423 1362 fortasse
1446 1303 1478 1362 in

303 1417 368 1477 τινα
393 1420 425 1477 et
448 1425 599 1496 γυναικῶν
619 1417 691 1475 vitii
710 1417 792 1476 latet
810 1416 940 1491 aliquid,
965 1431 1042 1475 nam
1055 1418 1171 1477 cetera
1193 1419 1270 1476 sunt
1290 1417 1477 1490 aptissima:

306 1547 492 1607 „nunquam
516 1530 691 1604 quidquam
715 1531 803 1590 domi
822 1532 898 1589 tuae
919 1530 1151 1590 contumeliose
1170 1529 1232 1590 feci
1244 1532 1385 1605 dixive'',
1399 1531 1478 1590 haec

304 1661 376 1704 esse
405 1645 488 1704 solet
519 1645 620 1704 oratio
644 1644 787 1702 hominis
814 1644 868 1716 qui
891 1645 929 1702 ut
952 1643 1013 1702 sibi
1037 1644 1093 1702 uni
1116 1645 1267 1717 parcatur
1290 1647 1370 1704 orat.
1395 1645 1478 1703 Nam

304 1774 416 1817 verum
441 1758 570 1832 quidem
595 1759 645 1817 est
667 1757 801 1816 huiusce
826 1757 888 1816 loci
911 1758 1041 1830 podiam
1065 1757 1147 1816 satis
1170 1757 1336 1831 pueriliter
1354 1772 1478 1832 pannos

302 1873 408 1946 epicos
444 1873 628 1946 collegisse:
665 1871 738 1931 vide
774 1872 870 1931 modo
900 1871 987 1930 istud
1023 1868 1082 1941 ὅτις
1113 1871 1234 1930 τοιαῦτα
1257 1893 1289 1950 γε
1313 1869 1390 1949 ῥέζοι
1415 1871 1478 1941 (ubi

304 1986 354 2044 vel
390 2001 455 2045 una
488 1985 647 2060 particula
681 2006 722 2063 γε,
757 1985 807 2044 oui
842 1985 950 2044 nullus
984 1984 1037 2043 hio
1067 1984 1167 2059 locus,
1200 1985 1346 2059 ineptum
1373 1986 1479 2058 prodit

304 2099 531 2173 imitatorem);
556 2101 614 2158 vix
637 2101 748 2159 tamen
771 2080 969 2172 quemquam
993 2098 1159 2158 hominem
1184 2098 1325 2171 cogitare
1344 2114 1478 2172 possum

304 2216 373 2272 tam
404 2229 603 2288 perversum,
637 2213 691 2286 qui
722 2228 796 2272 cum
823 2212 928 2271 multa
951 2227 1068 2285 ponere
1092 2213 1202 2285 posset
1225 2211 1387 2285 loquentis
1410 2228 1476 2286 per-

304 2342 402 2387 sonae
438 2319 671 2402 convenientia,
707 2341 809 2385 unum
844 2326 905 2384 hoc
936 2325 1068 2399 elegerit
1099 2325 1183 2397 quod
1213 2327 1281 2384 tam
1314 2329 1402 2386 esset
1433 2327 1476 2386 in·
1530 2397 1533 2404 1

303 2441 439 2501 sulsum.

347 2670 411 2727 378
435 2684 504 2743 sqq.
536 2669 609 2728 Filii
639 2669 787 2743 precibus
814 2671 924 2728 motus
946 2668 1084 2742 Ulysses
1107 2669 1224 2729 blanda
1247 2670 1392 2730 oratione
1416 2673 1475 2732 Me-

303 2782 435 2841 dontem
459 2783 603 2842 fetialem
628 2785 851 2842 accurrentem
873 2784 1078 2856 mortemque
1098 2783 1325 2857 deprecantem
1345 2786 1474 2860 excipit,

302 2897 428 2954 metum
454 2895 483 2954 ei
506 2896 608 2954 demit
631 2899 664 2954 et
686 2896 756 2954 tam
780 2895 873 2955 illum
896 2911 994 2969 quam
1019 2897 1186 2957 cantorem
1214 2897 1396 2973 Phemium,
1423 2899 1476 2972 qui

302 3009 397 3068 modo
431 3008 548 3068 iisdem
582 3008 729 3083 precibus
759 3025 839 3068 usus
870 3011 948 3083 erat,
981 3010 1178 3070 incolumem
1206 3011 1273 3070 fore
1297 3015 1474 3073 asseverat.

303 3124 385 3182 Turn
420 3125 594 3196 utrumque
629 3138 646 3181 e
681 3122 826 3182 conclavi
856 3124 953 3195 atque
984 3138 1001 3182 e
1033 3123 1129 3183 caede
1153 3124 1241 3183 exire
1265 3125 1354 3184 iubet
1376 3140 1475 3198 seque

303 3237 381 3296 foris
405 3237 555 3296 sedentes
580 3239 778 3310 exspectare.
803 3236 970 3308 Sequitur:

458 3342 498 3422 ὧς
517 3344 617 3427 ’quicq
639 3348 678 3410 τὼ
703 3343 733 3408 δ’
759 3347 814 3421 ἔξω
835 3343 943 3426 ’βήτην
966 3347 1105 3429 μεγάροιο
1128 3348 1232 3409 κιόντε·

458 3460 583 3541 ἑζέσθην
606 3457 633 3522 δ’
660 3458 718 3541 ἄρα
741 3461 780 3522 τώ
804 3483 837 3541 γε
860 3459 933 3533 Διὸς
957 3462 1085 3541 μεγάλου
1107 3459 1175 3522 ποτὶ
1198 3460 1311 3541 βωμὸν,

457 3577 585 3638 πάντοσε
608 3575 817 3652 παπταίνοντε,
840 3574 938 3652 φόνον
960 3572 1159 3655 ποτιδεγμένω
1183 3575 1248 3635 αιέί.

346 3693 470 3766 Ergone
502 3707 542 3751 na
576 3707 662 3750 nuno
693 3691 823 3765 quidem
846 3691 893 3750 illi
917 3705 952 3750 se
979 3691 1119 3764 periculo
1144 3694 1314 3765 exemptos
1338 3694 1478 3766 putant?

303 3807 403 3865 Aiunt
437 3806 498 3865 viri
534 3805 618 3865 docti
653 3804 808 3878 Ulyssem
843 3804 896 3863 hio
930 3805 1100 3877 tamquam
1134 3804 1306 3864 barbarum
1341 3820 1478 3865 saevum

303 3920 527 3992 crudelemque
561 3918 698 3993 depingi,
735 3932 838 3991 neque
869 3933 928 3991 ego
961 3915 1098 3990 infitior;
1124 3919 1238 3977 sedin
1264 3919 1333 3992 ipso
1357 3919 1478 3992 proelio

302 4038 398 4108 atque
430 4035 526 4094 caede
556 4033 657 4092 talem
688 4048 723 4092 se
747 4033 838 4106 gerit.
864 4031 942 4091 Post
964 4032 1122 4105 praelium
1147 4048 1223 4091 eum
1247 4048 1283 4092 se
1307 4047 1476 4092 conversu-

302 4164 375 4207 rum
403 4149 442 4207 ad
467 4146 614 4206 imbelles
638 4145 807 4220 supplices
834 4160 914 4219 quos
941 4146 1037 4205 modo
1061 4146 1213 4206 timorem
1237 4161 1354 4220 ponere
1379 4146 1478 4205 iusse-

302 4262 354 4336 rit,
391 4264 487 4335 atque
518 4261 591 4319 illos
622 4260 858 4319 trucidaturum
889 4260 947 4317 vix
978 4260 1149 4332 quisquam
1181 4261 1357 4334 exspectet.
1387 4260 1480 4318 Etsi

300 4379 412 4435 tamen
447 4374 608 4449 supplices
640 4373 671 4433 id
702 4373 906 4447 verebantur,
939 4374 1036 4433 anxie
1066 4372 1139 4432 illos
1163 4373 1308 4432 conclavi
1332 4373 1476 4434 intentos

302 4489 454 4549 habuisse
478 4488 589 4548 oculos
613 4489 866 4547 consentaneum
891 4490 950 4561 est,
976 4503 1050 4546 cum
1074 4502 1202 4560 semper
1226 4487 1299 4546 inde
1323 4487 1476 4561 prodeun-
