3270 5262
217 1419 261 1477 In
285 1419 395 1477 lucem
419 1418 469 1476 his
493 1417 604 1477 diebus
624 1417 741 1492 prodiit
760 1417 871 1477 Iliadis
892 1433 911 1476 1
930 1417 1029 1476 Vobis
1050 1417 1251 1476 secundis
1272 1418 1357 1477 curis

167 1533 283 1591 editae
314 1532 468 1592 volumen
493 1533 642 1591 alterum.
669 1531 755 1606 Quae
778 1547 831 1590 res
855 1533 946 1591 tanto
971 1547 1025 1590 me
1049 1531 1158 1591 affecit
1181 1531 1297 1604 gaudio
1320 1533 1356 1590 ut

165 1645 307 1704 silentio
351 1659 425 1702 1111
459 1645 633 1719 praeterire
668 1660 769 1719 paene
803 1645 894 1704 nefas
930 1645 1012 1703 mihi
1049 1645 1218 1704 videretur.
1255 1645 1357 1718 Igitur

165 1761 319 1834 primum
352 1759 451 1818 Vobis
481 1761 633 1835 gratulor,
666 1759 750 1833 quod
781 1760 900 1819 laboris
931 1760 1038 1819 Vestri
1071 1775 1146 1819 11111
1169 1757 1354 1833 percipiatis

166 1873 330 1948 fructum,
356 1873 412 1946 qui
434 1889 505 1932 raro
530 1873 688 1947 contingit
713 1888 786 1931 curn
810 1872 981 1947 philologis
1005 1872 1155 1932 omnibus
1175 1875 1246 1932 tum
1267 1887 1353 1946 prae·

166 1987 292 2046 sertim
316 1987 527 2046 nostratibus.
552 1987 646 2045 Liber
666 1987 753 2045 enirn
773 1987 889 2045 Vester
908 1987 961 2045 ille
982 2002 1038 2061 per
1058 2001 1172 2046 omnes
1191 1986 1355 2059 spargitur

167 2103 291 2176 terras,
325 2100 470 2159 studiose
497 2100 626 2174 petitur,
660 2100 838 2175 adhibetur,
871 2100 1065 2172 consulitnr;
1098 2101 1165 2160 iam
1195 2099 1357 2158 exhausta

168 2217 225 2274 est
238 2229 364 2287 magna
376 2215 611 2288 exemplarium
624 2214 724 2288 copia,
738 2229 836 2286 quam
845 2214 995 2274 venalem
1006 2213 1153 2273 exhibuit
1162 2213 1354 2287 redemptor,

169 2343 263 2387 nova
287 2343 390 2400 eaque
413 2343 477 2386 non
500 2329 624 2387 minore
648 2343 728 2402 opus
748 2331 808 2387 est.
830 2328 882 2387 Sic
901 2328 1082 2402 intelligitis
1103 2328 1229 2402 probari
1249 2325 1357 2386 studia

169 2442 296 2500 Vestra
332 2441 529 2501 discentibus
564 2442 824 2516 docentibusque,
861 2444 902 2517 et,
939 2441 1023 2514 quod
1053 2442 1155 2516 pluris
1186 2443 1244 2515 est,
1277 2439 1356 2498 viris

171 2555 299 2628 insigni
324 2555 487 2614 doctrinae
510 2556 604 2615 laude
629 2555 819 2630 conspicuis,
849 2571 986 2629 quorum
1011 2556 1237 2615 auctoritatem
1259 2553 1356 2612 ceteri

172 2669 270 2742 sequi
303 2669 438 2728 soleant.
468 2669 507 2728 Et
530 2669 602 2741 quis
626 2685 691 2728 non
714 2669 823 2728 laudet
847 2669 1048 2742 diligentiam
1072 2668 1224 2727 Vestram
1248 2667 1281 2726 11
1305 2667 1355 2725 ob-

171 2781 349 2841 servandis
380 2782 593 2855 notandisque
624 2781 912 2841 innumerabilibus
944 2782 1042 2856 vitiis
1071 2781 1188 2854 quibus
1212 2781 1357 2839 carmina

172 2896 355 2954 Homerica
377 2893 532 2972 laborant,
558 2897 630 2970 quis
654 2912 718 2955 non
738 2896 937 2970 singularem
957 2896 1048 2955 illam
1068 2896 1247 2954 admiretur
1265 2909 1355 2967 saga·

174 3010 338 3083 citatem,¹
357 3025 420 3082 qua
450 3010 483 3068 11
513 3009 679 3069 vocabulis
710 3010 816 3084 inepte
848 3009 1006 3083 corruptis
1029 3009 1152 3068 vetusti
1176 3008 1357 3079 sincerique

173 3123 342 3182 sermonis
362 3123 442 3197 epici
462 3123 576 3195 quovis
595 3123 661 3182 fere
682 3139 777 3182 versu
797 3123 1036 3197 deprehenditis
1058 3121 1221 3195 vestigia?
1235 3120 1355 3195 Quibus

175 3236 357 3295 virtutibus
387 3237 448 3295 hoc
478 3239 564 3296 certe
592 3237 733 3296 assecuti
757 3237 837 3296 11111
860 3241 905 3312 ut,
934 3237 1085 3309 quamvis
1109 3235 1205 3296 multi
1229 3234 1314 3294 docti
1337 3249 1357 3292 a

175 3349 280 3408 Vobis
312 3349 514 3426 dissentiant,
548 3365 644 3409 nemo
675 3353 787 3409 111111
817 3353 887 3410 tarn
918 3351 1047 3424 ineptus
1078 3349 1222 3408 inveniri·
1242 3348 1354 3424 possit,
1402 3413 1405 3424 ,

177 3462 232 3520 cui
257 3478 321 3521 non
345 3463 405 3522 hoc
428 3464 715 3537 persuasissimum
739 3465 791 3538 sit,
816 3464 849 3522 in
874 3464 948 3522 crisi
967 3464 1141 3524 Homerica
1160 3465 1193 3522 et
1212 3463 1245 3520 in
1266 3477 1354 3521 accu-

176 3576 427 3650 ratiorepodsis
447 3577 556 3652 opicae
576 3577 683 3637 studio
703 3593 831 3651 semper
852 3580 884 3636 11
903 3577 1020 3651 ubique
1036 3578 1145 3636 Vestri
1157 3577 1355 3648 Vestraeque

177 3691 363 3750 1111111111
387 3692 546 3750 rationem
571 3707 642 3750 esse
666 3691 857 3750 habendam.

227 3804 339 3862 Solent
362 3806 471 3862 autem
496 3805 592 3863 amici
616 3806 739 3878 amicis,
761 3805 877 3876 quibus
896 3804 974 3863 11111
994 3802 1113 3876 aliquid
1133 3804 1250 3877 evenit,
1272 3803 1356 3860 dona

178 3919 306 3991 offerre,
339 3920 453 3991 quibus
485 3921 570 3978 idem
601 3920 678 3978 illud
710 3935 745 3978 se
769 3935 895 3992 quoque
918 3920 1032 3979 laetari
1055 3921 1225 3979 testentur.
1250 3920 1356 3990 Atque

178 4032 267 4091 felici
298 4034 437 4104 quodam
468 4049 544 4093 casu
576 4034 608 4092 in
640 4033 723 4091 11111
753 4033 881 4092 scriniis
912 4036 1061 4106 paratum
1090 4033 1215 4093 iacebat
1237 4031 1356 4104 aliquid

180 4146 267 4204 unde
289 4146 382 4206 focile
403 4149 521 4206 donum
543 4149 617 4208 huic
636 4149 775 4221 tempori
795 4149 1012 4222 aptissimum,
1035 4150 1071 4207 ut
1083 4147 1164 4208 mihi
1177 4146 1354 4218 videbatur,

181 4257 295 4318 confici
325 4264 443 4333 posset.
475 4262 559 4320 Dum
584 4263 671 4320 enim
699 4262 879 4334 Odysseam
902 4261 1053 4320 Vestram
1078 4260 1234 4334 legebam,
1260 4274 1355 4317 anno-

180 4372 384 4446 tationesque
412 4375 546 4434 Vestras
570 4376 609 4434 ad
633 4391 706 4434 1111
730 4375 955 4448 perscrutabar
979 4375 1151 4448 animoque
1175 4373 1355 4446 volvebam,

181 4486 220 4544 de
249 4486 334 4546 haud
357 4489 468 4561 paucis
493 4490 640 4548 versibus
664 4490 826 4548 sententia
850 4489 931 4547 mihi
955 4490 1063 4561 aliqua
1086 4489 1277 4556 nascebatur
1302 4489 1358 4545 aut

1265 4595 1277 4635 1
