3270 5262
606 1640 867 1750 nlssnlr
911 1641 947 1749 Ι.

676 1919 871 1928 ————.

225 2095 293 2154 123
319 2109 366 2166 sq.
392 2096 569 2154 Mentorem
588 2095 780 2154 simulatum
801 2093 939 2154 simulac
961 2097 1130 2170 conspexit
1150 2095 1363 2155 Telemachus

176 2209 315 2269 obviarn
348 2208 376 2268 ei
407 2209 507 2268 currit
537 2212 633 2282 atque
664 2209 715 2267 his
743 2209 850 2268 verbis
876 2225 997 2269 novum
1022 2210 1185 2284 hospitem
1209 2210 1242 2269 in
1267 2211 1362 2269 aedes

175 2337 256 2382 suas
283 2323 475 2383 introducit:

384 2440 475 2514 χαῖρε,
497 2436 582 2514 ξεῖνε,
604 2430 669 2514 παρ’
697 2427 751 2514 ήμι
775 2435 922 2514 φιλήσεαι*
947 2433 1042 2516 αὐτὰρ
1066 2436 1162 2497 ἔπειτα

384 2550 506 2610 δείπνου
530 2550 718 2628 πασσάμενος
742 2551 894 2629 μυθήσεαι
918 2543 954 2611 οὗ
978 2549 1024 2610 τεό
1049 2567 1080 2611 σε
1103 2550 1165 2629 χρή.

221 2665 418 2723 Annotatis:
454 2665 493 2739 „l.
519 2681 547 2726 a.
572 2663 707 2742 μυθήσεο
734 2670 808 2740 („an
832 2665 985 2743 μυθήσαιο
995 2666 1031 2724 ?”
1057 2667 1254 2736 Ludwich).”
1279 2667 1361 2741 Ergo

176 2778 339 2838 vitiosum
363 2778 449 2837 istud
474 2778 609 2854 μυθήσεα
633 2795 698 2840 non
721 2797 738 2840 e
762 2778 913 2856 μυθήσεαι
933 2797 1049 2841 verum
1069 2797 1086 2841 e
1106 2781 1259 2857 μυθήσαιο
1282 2782 1361 2840 Lud-

175 2891 319 2950 wiehius
349 2893 463 2951 natum
494 2895 621 2966 censet;
654 2909 736 2966 quae
768 2893 875 2968 opinio
906 2894 1000 2954 valde
1029 2894 1111 2953 mihi
1135 2895 1272 2966 arridet;
1298 2910 1362 2953 non

175 3005 267 3063 enim
297 3004 404 3064 solum
428 3004 580 3080 μυθήσαιο
604 3007 732 3066 facilius
756 3023 855 3080 quarn
878 3007 1031 3085 μυθήσεαι
1054 3009 1087 3067 in
1111 3007 1248 3084 μυθήσεα
1274 3008 1361 3066 abire

174 3119 293 3193 potuit,
326 3119 381 3176 sed
413 3118 513 3177 etiam
536 3135 693 3193 perquam
716 3121 894 3180 verisimile
919 3124 970 3182 est
994 3121 1095 3181 luisse
1119 3121 1174 3195 qui
1198 3122 1251 3180 hic
1276 3123 1362 3195 opta-

176 3232 286 3291 tivum
320 3230 514 3306 (imperativi
545 3238 653 3302 sensu)
685 3234 804 3307 requiri
836 3235 998 3308 putarent.
1028 3234 1122 3294 Error
1146 3235 1198 3294 hic
1222 3236 1281 3309 est,
1307 3235 1363 3292 sed

176 3349 294 3420 parata
324 3346 436 3418 venia;
480 3347 660 3419 permultos
704 3347 791 3406 eninr
835 3362 910 3407 vera
947 3350 1139 3423 futurorum,
1175 3348 1269 3421 quale
1304 3348 1365 3406 hoc

178 3459 333 3535 μυθήσεαι
363 3461 422 3533 est,
455 3460 619 3519 sententia
651 3462 684 3520 et
715 3462 793 3520 olim
824 3462 909 3534 fugit
938 3464 970 3522 et
994 3477 1079 3521 nune
1102 3477 1228 3534 quoque
1254 3461 1365 3535 fugere

180 3575 320 3633 videtur.
346 3573 458 3646 ltaque
483 3573 646 3634 innumeri
670 3576 748 3634 sunt
771 3576 841 3649 loci,
867 3578 979 3635 nostro
1000 3575 1134 3649 similes,
1156 3574 1210 3633 ubi
1230 3574 1366 3634 verbum

179 3689 212 3748 in
227 3733 234 3746 .
251 3732 280 3747 ..
317 3701 383 3743 σαιε
419 3687 535 3747 νοΙ...
572 3691 667 3745 σασθε
704 3688 817 3747 exiens
851 3663 980 3762 legitur,
1020 3703 1094 3746 curn
1130 3688 1242 3746 tamen
1273 3690 1366 3748 unice

180 3818 279 3862 verae
314 3803 381 3862 sint
416 3803 726 3863 terminationes..
763 3821 823 3861 σειε
858 3805 976 3864 vel...
1009 3806 1105 3861 σεσθε.
1138 3802 1220 3875 Ergo
1251 3818 1366 3876 operae

180 3916 323 3990 pretium
359 3915 440 3974 mihi
471 3918 616 3976 facturus
648 3917 758 3976 videor
790 3917 818 3974 si
842 3916 989 3978 futurum
1014 3916 1091 3975 illud
1117 3932 1214 3989 quam
1239 3932 1365 3977 accura-

180 4029 312 4089 tissime
331 4030 524 4104 explicuero.
547 4031 656 4102 Neque
677 4031 791 4089 multis
808 4031 917 4091 verbis
930 4045 1011 4104 opus
1023 4029 1076 4088 hic
1089 4031 1157 4102 est;
1170 4029 1231 4089 hoc
1244 4029 1366 4090 dixisse

181 4142 302 4201 sufficit
332 4145 442 4202 nostro
475 4159 624 4202 sermone
651 4144 729 4204 illud
754 4159 812 4218 ope
837 4145 928 4204 verbi
952 4142 1035 4215 quod
1060 4145 1111 4203 est
1137 4144 1273 4217 „posse”
1298 4143 1366 4203 illu-

181 4254 353 4314 strandum
378 4271 459 4315 esse.
485 4257 588 4330 Igitur
611 4257 672 4316 hoc
696 4257 951 4318 interfuturum
975 4259 1126 4316 nostrum
1152 4259 1185 4315 et
1204 4256 1366 4330 imperati·

183 4385 263 4428 vum
296 4371 539 4444 (optativumve)
571 4371 709 4430 interest
740 4371 823 4445 quod
855 4372 917 4433 hoc
939 4371 954 4429 i
960 4386 1082 4430 acere
1108 4370 1227 4443 aliquid
1251 4369 1368 4443 aliquis

183 4481 313 4542 iubetur
351 4485 385 4543 at
419 4483 473 4543 illo
509 4499 588 4543 non
622 4483 783 4560 facere,
820 4486 908 4548 certe
943 4484 1124 4543 nondum
1159 4484 1301 4544 iacere
1336 4485 1370 4542 et
