3310 5262
220 851 416 926 Respondet
437 852 591 926 ulysses:

387 964 549 1044 γιγνώσκω,
570 964 696 1043 φρονέω·
719 962 755 1023 τοί
778 984 811 1043 γε
834 962 871 1040 δὴ
895 961 1010 1024 νοέοντι
1032 964 1166 1036 κελεύεις.

272 1079 342 1138 282
389 1072 445 1137 ἀλλ’
471 1076 553 1158 έρχεο
576 1076 793 1157 προπάροιθεν,
816 1074 876 1156 ἐγὼ·
896 1071 923 1136 d’
951 1075 1152 1156 ὑπολείψομαι
1175 1069 1259 1138 αὖθι.

220 1193 303 1250 Non
323 1195 393 1252 tam
412 1193 516 1252 forma
535 1192 662 1252 novicia
682 1188 763 1270 ἔρχευ
783 1192 865 1251 mihi
884 1191 1032 1266 displicet
1052 1208 1150 1266 quam
1163 1193 1245 1265 quod
1257 1208 1361 1268 neque

173 1300 233 1384 ἐγώ
256 1321 368 1379 neque
387 1303 419 1365 <u
438 1308 655 1381 praemissum
674 1307 816 1366 habeant
834 1307 1010 1380 quidquam
1027 1323 1089 1381 quo
1101 1307 1228 1381 possint
1239 1308 1360 1369 referri.

174 1417 274 1492 Quod
298 1422 409 1479 autem
430 1421 520 1504 vobis
540 1422 573 1480 in
592 1423 739 1481 mentem
758 1420 849 1479 venit
869 1417 948 1498 έρχεο
969 1415 1001 1479 δέ
1019 1419 1227 1498 προπάροιθεν
1248 1437 1361 1481 verum

173 1548 253 1592 esse
289 1549 386 1608 posse
416 1550 481 1594 non
510 1535 639 1594 videtur
669 1533 753 1608 quia,
778 1533 832 1593 ubi
860 1534 932 1607 quis
956 1550 973 1594 e
997 1535 1110 1594 duabis
1133 1535 1229 1594 rebus
1251 1551 1361 1610 propo-

172 1646 255 1706 sitis
291 1648 430 1707 alteram
461 1648 551 1722 eligit
581 1649 712 1708 omnino
744 1663 824 1721 opus
855 1650 905 1707 est
933 1649 1157 1709 coniunctione
1180 1650 1261 1726 sed,
1286 1650 1363 1723 quia

170 1759 261 1820 haec
295 1760 363 1821 fere
394 1764 444 1821 est
473 1762 635 1835 loquentis
665 1777 776 1821 mens:
809 1764 982 1836 utrumque
1013 1762 1143 1838 bonum,
1168 1765 1225 1823 sed
1250 1766 1362 1823 tamen

171 1873 240 1933 hoo
266 1874 325 1933 illo
349 1875 454 1949 magis
478 1875 606 1935 arridet.
632 1875 747 1949 Quidni
771 1876 936 1950 legamus:

321 1985 393 2048 ἀλλὰ
416 1987 454 2055 σὺ,
476 1984 530 2066 μέν
551 1988 767 2068 προπάροιθεν,
790 1987 846 2068 ἐγὼ
866 1984 893 2048 δ’
917 1987 1118 2066 ὑπολείψομαι
1142 1980 1226 2050 αὖθι.

223 2103 268 2162 In
300 2102 455 2162 festinata
477 2103 564 2162 enim
591 2103 819 2163 deliberatione
842 2103 1013 2177 aptissima
1036 2106 1087 2164 est
1110 2104 1268 2164 eiusmodi
1292 2104 1360 2164 bre·

173 2215 272 2276 vitas
305 2219 338 2276 et
362 2217 496 2276 alicuius
520 2217 668 2276 vocabuli
692 2218 835 2278 omissio.
857 2217 1030 2291 supplendi
1054 2219 1164 2276 autem
1189 2217 1362 2277 conamina

173 2346 320 2390 versum
344 2333 562 2405 corruperunt.

227 2561 298 2619 284
322 2574 389 2633 sqq.
413 2559 535 2620 Deinde
557 2561 637 2620 haee
659 2560 795 2634 Ulysses
820 2561 924 2621 addit:

368 2672 500 2750 τολμήεις
524 2695 574 2751 μοι
597 2671 705 2750 θυμὸς,
728 2671 790 2733 ἐπεὶ
813 2671 890 2733 κατὰ
911 2672 1004 2733 πολλὰ
1027 2671 1166 2733 πέπονθα

365 2786 476 2865 κύμασι
498 2783 547 2846 καί
570 2787 696 2872 πολέμῳ·
720 2784 790 2862 μετὰ
813 2784 864 2847 καὶ
886 2786 952 2847 τόδε
975 2791 1049 2846 τοῖσι
1072 2783 1214 2867 γενέσθω·

364 2897 488 2980 γαστέρα
511 2896 539 2960 δ’
567 2898 603 2961 od
626 2921 688 2972 πως
712 2898 789 2959 έστιν
812 2898 986 2979 ἀποκρύψαι
1010 2905 1166 2978 μεμαυῖαν.

226 3017 292 3074 Pro
327 3014 434 3089 inepto
469 3010 644 3093 ἀποκρύψαι
679 3014 778 3075 Olem.
813 3014 906 3076 Alex.
942 3015 1040 3075 habet
1074 3011 1244 3092 ἀποπλῆσαι
1276 3017 1359 3090 quod

178 3128 328 3202 ineptius
351 3129 467 3188 etiam:
492 3128 623 3189 omnino
648 3129 735 3188 enim
759 3128 929 3202 inplendus
951 3131 1066 3210 venter
1090 3131 1148 3189 est.
1170 3130 1227 3188 ille
1247 3131 1359 3190 tamen

177 3243 275 3302 viam
298 3245 470 3303 monstrat.
495 3243 680 3317 Legendum
701 3243 788 3303 enirn
807 3243 935 3302 videtur
954 3239 1120 3326 ἀποκλῇσαι
1141 3246 1232 3318 (quae
1252 3259 1358 3304 reeen-

177 3356 247 3416 tior
280 3356 384 3415 forma
414 3357 447 3415 in
477 3356 539 3416 hac
568 3358 654 3416 certe
684 3359 775 3430 parte
807 3357 960 3416 carminis
992 3357 1101 3431 utique
1132 3358 1264 3417 ferenda
1287 3360 1358 3428 est).

179 3469 268 3530 (ium
298 3470 366 3529 sera
397 3470 504 3544 aliqua
526 3469 636 3548 γαστήρ
660 3473 874 3545 comparatur,
900 3470 975 3544 quia
998 3471 1031 3528 et
1054 3471 1124 3545 ipsa
1147 3472 1198 3530 est
1221 3475 1360 3547 μεμαυῖα,

179 3584 240 3643 sed
268 3597 334 3642 non
359 3597 534 3656 possumus
557 3583 648 3644 illam
672 3583 817 3643 clausam
840 3585 967 3642 tenere:
993 3597 1122 3657 semper
1145 3583 1232 3643 enim
1254 3585 1358 3658 urget.

227 3808 294 3867 304
315 3823 362 3881 sq.
380 3806 557 3881 conspecto
571 3823 729 3883 tenesne,
744 3807 798 3881 qui
811 3807 850 3866 ab
863 3806 1013 3866 omnibus
1025 3807 1192 3881 neglectus
1205 3808 1358 3880 senioque

181 3920 350 3982 confectus
372 3922 485 3981 tamen
508 3921 677 3981 dominum
701 3921 856 3996 agnoseit,
881 3919 1018 3994 ulysses

627 4033 718 4111 νόσφι
744 4032 841 4094 ίιδὼν
864 4031 1051 4113 ἀπομόρξατο
1076 4033 1181 4113 δάκρυ,

369 4147 433 4228 ῥεῖα
455 4145 560 4207 λαθὼν
578 4141 734 4225 ’Eribolon
757 4144 840 4226 ίίφαρ
864 4141 892 4206 δ’
920 4145 1058 4227 ἐρεείνετο
1083 4148 1180 4232 μύθρα

226 4262 394 4336 Nusquam
429 4263 623 4322 vocabulum
657 4262 767 4321 minus
801 4262 875 4335 apte
905 4262 1049 4335 positum
1079 4261 1146 4320 vidi
1177 4276 1275 4334 quam
1307 4260 1359 4319 hic

180 4377 271 4436 istud
301 4374 372 4455 ῥεῖα.
403 4377 487 4436 Tum
510 4377 598 4436 enim
621 4377 707 4435 recte
731 4372 794 4453 ῥεῖα
818 4375 935 4448 aliquis
958 4375 1078 4448 aliquid
1103 4375 1208 4435 facere
1232 4374 1357 4450 dieitur,

183 4505 259 4551 oum
283 4490 571 4550 demonstrandum
595 4491 645 4548 est
670 4489 789 4562 quanto
813 4487 866 4547 ille
887 4489 984 4548 horno
1006 4488 1056 4548 vel
1077 4486 1218 4561 corporis
1237 4487 1359 4546 viribus
