3270 5262
819 639 858 695 io

249 827 329 902 Quid
364 827 475 886 enim?
510 826 737 886 Custoditurne
771 841 791 884 a
824 826 929 899 procis
963 827 1121 901 Penelope
1156 843 1196 886 ue
1226 826 1313 887 foras
1344 830 1420 888 eat?

248 942 415 1014 Nusquam
435 940 593 1000 eiusmodi
614 939 732 1012 aliquid
752 939 900 1013 legimus.
922 941 1031 1013 Neque
1050 941 1136 1001 ullus
1156 943 1207 1000 est
1225 956 1349 1016 versus,
1366 941 1421 1001 ubi

247 1057 356 1115 metus
385 1055 447 1114 iste
469 1069 638 1128 procorum
662 1053 700 1112 de
723 1053 881 1127 Penelope
905 1054 944 1112 ad
967 1055 1093 1127 patrem
1117 1054 1259 1115 reditura
1283 1070 1420 1114 comme·

248 1170 400 1228 moretur.
432 1167 519 1226 Nihil
550 1167 635 1226 aliud
666 1168 776 1226 nostro
807 1167 876 1226 loco
908 1167 1057 1240 equidem
1087 1168 1163 1227 ferri
1186 1183 1281 1242 posse
1306 1184 1420 1228 censeo

247 1297 346 1356 quam
376 1284 452 1342 hoc:
480 1284 625 1356 „patrem
649 1281 825 1355 Penelopes
849 1282 936 1341 adire
960 1283 1056 1354 atque
1081 1282 1119 1340 ab
1143 1298 1181 1341 eo
1204 1282 1250 1342 ita
1273 1285 1311 1342 ut
1332 1283 1421 1356 leges

248 1396 360 1455 iubent
389 1396 479 1454 illam
502 1411 639 1456 uxorem
662 1396 780 1471 petere,
806 1412 846 1455 ne
870 1395 903 1454 in
926 1397 1072 1455 mentem
1096 1397 1226 1470 quidem
1249 1397 1289 1455 iis
1314 1397 1420 1456 veuit:

248 1509 350 1568 immo
373 1509 584 1570 reformidant
606 1511 716 1570 illud.”
741 1511 781 1570 Et
804 1526 866 1583 quo
889 1510 1019 1585 saepius
1043 1509 1287 1582 accuratiusque
1307 1525 1421 1569 versus

249 1624 379 1682 52-54
411 1623 562 1699 adspicio,
595 1640 631 1684 eo
662 1624 768 1697 magis
795 1623 876 1682 mihi
900 1625 1111 1704 persuadetur
1135 1624 1225 1684 illam
1249 1624 1354 1698 ipsam
1379 1623 1422 1681 ibi

248 1737 444 1798 sententiam
479 1738 552 1814 legi,
585 1739 641 1798 sed
671 1739 935 1813 interpolatorem
969 1771 1006 1778 -
1040 1739 1304 1813 interpolatorem
1334 1738 1422 1797 enim

249 1867 320 1911 esse
358 1853 413 1925 qui
447 1868 502 1912 eos
536 1853 629 1912 iratis
665 1852 937 1912 consarcinaverit
971 1853 1071 1912 Musis
1108 1885 1147 1895 -
1183 1868 1247 1912 non
1277 1851 1422 1926 potuisse

248 1966 365 2025 melius
390 1981 464 2025 eam
487 1967 664 2026 enuntiare.
689 1966 803 2026 Videte
827 1967 915 2026 enim
938 1982 1036 2040 quam
1060 1966 1139 2026 dura
1159 1967 1203 2025 sit
1221 1967 1421 2040 pronominis

248 2079 376 2140 relativi
403 2079 551 2154 repetitio
575 2080 704 2139 inistis
729 2081 792 2150 (51)
817 2079 851 2138 οἵ
868 2083 901 2139 11
925 2082 988 2150 (52)
1014 2077 1050 2139 οἵ.
1073 2079 1194 2139 Deinde
1218 2081 1365 2154 reputate
1388 2081 1422 2139 in

248 2209 312 2253 uno
335 2210 432 2253 versu
456 2196 497 2254 52
522 2210 586 2254 non
609 2195 718 2254 minus
742 2209 840 2266 quam
863 2194 934 2269 tria,
961 2209 1061 2267 eaque
1085 2193 1289 2268 gravissima,
1311 2196 1423 2254 contra

249 2307 409 2368 sermonis
433 2307 514 2383 epici
537 2309 707 2382 praecepta
730 2307 923 2382 deprehendi
944 2307 1069 2366 delicta.
1091 2308 1259 2367 Postremo
1281 2307 1421 2366 conside·

249 2424 318 2481 rate
349 2437 448 2495 quam
478 2423 552 2494 apte
583 2421 809 2495 eleganterque
840 2436 972 2480 versum
1004 2421 1044 2480 51
1070 2420 1211 2494 excipiat
1234 2422 1285 2480 55.
1310 2420 1422 2480 Nonne

249 2535 341 2595 vobis
360 2550 446 2594 nunc
464 2535 642 2594 verisimile
663 2534 789 2593 videtur
808 2535 875 2594 tres
895 2534 976 2593 istos
996 2548 1111 2592 versus
1123 2534 1293 2608 impostori
1305 2534 1422 2610 deberi,

250 2651 303 2723 qui
331 2651 498 2724 praeterea
529 2649 571 2719 (id
602 2649 685 2722 quod
716 2650 785 2707 tam
816 2664 912 2723 saepe
942 2649 976 2707 in
1002 2648 1233 2708 recentioribus
1262 2648 1425 2721 Odysseae

249 2764 394 2838 partibus
417 2765 541 2824 factum
565 2765 625 2834 est)
648 2763 745 2823 verbo
769 2758 890 2821 νέεσθαι
915 2762 1040 2822 eundi
1064 2778 1198 2822 sensum
1219 2762 1425 2836 praebuerit?

250 2880 319 2938 Hoc
348 2879 414 2938 fere
446 2879 523 2938 dicit
553 2878 735 2953 homuncio
768 2880 864 2951 atque
895 2878 956 2937 hoc
987 2877 1047 2936 sibi
1075 2877 1146 2936 vult
1168 2876 1251 2936 belle
1275 2876 1362 2935 istud
1385 2875 1424 2935 ab

250 3008 288 3052 eo
322 2991 436 3052 fictum
466 2992 683 3066 compositum
713 2987 902 3070 daeppiyum:
939 2993 1085 3066 „patrem
1120 2991 1296 3064 Penelopes
1327 2989 1423 3065 adire,

251 3108 287 3166 ut
317 3107 385 3182 ipse
415 3105 517 3165 filiam
548 3121 685 3165 uxorem
717 3106 792 3164 dare
823 3105 927 3180 possit
959 3105 1009 3164 cui
1039 3104 1185 3164 velit...
1215 3105 1275 3163 hoc
1306 3103 1346 3162 111
1369 3110 1425 3179 κῆρ

250 3219 378 3280 isidam
413 3213 518 3278 εἶναι.”
554 3220 627 3293 1111
661 3218 715 3278 1111
749 3218 980 3278 vocabulorum
1016 3218 1297 3277 vehementiorum
1327 3233 1424 3290 quam

251 3351 306 3409 pro
342 3351 376 3394 re
406 3350 486 3394 usus
517 3333 569 3392 vel
599 3333 745 3392 maxime
776 3307 945 3392 falsarium
977 3332 1092 3405 arguit.
1124 3331 1165 3390 Et
1196 3347 1294 3404 quam
1325 3331 1426 3390 totius

251 3448 508 3523 interpolationis
530 3463 662 3507 causam
683 3463 755 3506 esse
776 3449 991 3506 censeamus?
1004 3446 1126 3520 Nempe
1139 3445 1253 3505 vocula
1266 3441 1358 3505 11111.
1373 3446 1424 3520 55,

251 3579 349 3637 quam
381 3579 477 3622 suum
502 3561 563 3620 sibi
587 3557 640 3637 μέν
665 3560 849 3635 oppositum
874 3560 1035 3633 requirere
1058 3559 1229 3634 imperitus
1252 3559 1349 3618 homo
1372 3575 1425 3633 pu·

250 3677 379 3737 taverit.

297 3905 338 3964 68
363 3920 431 3977 sqq.
459 3904 665 3963 Enumeratis
689 3903 832 3962 miseriis
856 3902 970 3975 quibus
992 3901 1193 3961 conflictatur
1213 3899 1260 3960 sic
1279 3899 1427 3959 flebiliter

252 4018 465 4077 Telemachus
488 4018 609 4091 pergit:

449 4129 585 4206 λίσσομαι
609 4125 682 4206 ἠμὲν
708 4127 805 4206 Ζηνὸς
827 4123 989 4205 Ὀλυμπίου
1014 4122 1066 4204 ἠδὲ
1093 4122 1242 4204 Θέμιστος,

452 4242 471 4320 ἥ
495 4238 519 4302 τ’
546 4241 665 4321 ἀνδρῶν
689 4241 799 4323 ἀγορὰς
823 4238 896 4320 ἠμὲν
921 4241 983 4301 λύει
1008 4236 1060 4317 ἠδὲ
1083 4241 1207 4313 καθίζει·

364 4362 406 4420 70
452 4355 566 4437 σχέσθε,
589 4358 680 4433 φίλοι,
702 4357 754 4416 καί
775 4349 870 4434 μὀἶον
895 4354 997 4416 ἐάσατε
1020 4352 1128 4414 πένθεϊ
1148 4360 1245 4439 λυγρῷ

452 4473 608 4550 τείρεσθαι.
