3310 5262
809 649 871 708 102

248 837 400 913 locorum„
433 838 487 897 ubi
518 837 544 897 εἰ
574 831 601 894 d‘
636 839 687 897 est
717 836 750 895 in
774 836 944 911 codicibus,
970 837 1083 897 eadem
1108 838 1159 896 est
1181 835 1274 894 ratio.
1299 833 1350 892 Sic
1374 848 1422 906 ec„

249 950 288 1009 ad
319 966 416 1024 quem
447 951 481 1009 in
511 951 719 1010 annotatione
750 950 904 1012 lectorem
935 949 1097 1026 relegatis
1123 948 1272 1023 equidem
1295 947 1424 1006 mutare

248 1063 328 1122 nihil
364 1063 480 1122 ausim.
512 1063 570 1122 Est
600 1064 628 1121 A
661 1063 735 1121 302.
768 1062 946 1121 Briseidem
977 1077 1013 1121 se
1043 1062 1239 1121 traditurum
1270 1058 1424 1133 Achilles„

248 1177 401 1249 quoniam
425 1176 472 1235 ita
495 1190 574 1249 opus
598 1175 650 1250 sit„
676 1175 827 1250 declarat,
852 1190 955 1248 neque
979 1190 1015 1234 se
1038 1175 1071 1234 vi
1095 1175 1185 1234 illam
1209 1175 1424 1233 retenturum.

251 1288 313 1347 Sed
337 1288 441 1348 addit:

427 1409 490 1461 τῶν.
510 1395 538 1460 δ’
565 1397 662 1461 ἄλλων
686 1400 705 1458 fi
728 1402 780 1478 μοί
801 1400 859 1461 ἔστι
883 1406 944 1491 θοῇ
967 1399 1048 1479 παρὰ
1071 1401 1125 1479 νηῒ
1147 1399 1269 1483 μελαίνῃ

429 1522 488 1574 τῶν
511 1513 548 1575 οὐ
571 1512 622 1574 κέν
645 1537 671 1574 τι
695 1512 797 1592 φέροις
821 1514 933 1576 ἀνελὼν
957 1513 1118 1588 &inorme
1141 1513 1228 1592 ἐμεῖο.

298 1628 391 1703 Tum„
416 1643 504 1704 voce„
530 1632 567 1689 ut
590 1630 710 1705 opinor„
735 1630 891 1703 vultuque
916 1630 1053 1690 minaci:

430 1741 457 1800 εἰ
479 1736 507 1801 δ’
534 1739 585 1821 ἄγε
610 1741 669 1818 μὴν
693 1743 840 1820 πείρησαι,
863 1742 912 1802 ἴνα
935 1740 1125 1822 protestati
1148 1741 1218 1802 οἵδε·

429 1847 506 1930 αἶψά
530 1877 574 1914 τοι
598 1848 670 1932 αἷμα
692 1854 828 1916 κελαινὸν
853 1855 973 1933 ἐρωήσει
996 1854 1062 1934 περὶ
1087 1856 1180 1936 δουρί.

296 1968 383 2027 Nihil
413 1969 466 2029 hic
489 1969 770 2044 Agamemnonem
794 1970 882 2031 iubet
905 1970 1057 2046 Achilles„
1083 1986 1186 2044 neque
1210 1987 1285 2030 eum
1309 1971 1349 2030 ad
1373 1971 1430 2030 ali·

253 2082 329 2154 quid
359 2083 542 2142 faciendum
574 2084 779 2157 adhortatum
806 2084 863 2143 sed
886 2085 1041 2158 provocat
1064 2099 1156 2156 eum;
1181 2083 1432 2157 provocantium

253 2198 363 2254 autem
387 2198 464 2255 sunt
487 2196 668 2256 sententiae
693 2197 933 2272 conditionales,
959 2197 1048 2256 velut
1071 2199 1185 2256 notum
1209 2197 1286 2256 illud
1306 2197 1431 2256 Aristo-

253 2309 427 2381 phanicum
446 2302 509 2383 αἶρε
529 2312 677 2385 πλῆκτρον
697 2308 723 2367 εἰ
742 2314 834 2386 μαχεῖ.
856 2310 978 2384 Quique
998 2311 1089 2384 gravi
1109 2309 1157 2369 ira
1176 2311 1254 2368 sunt
1274 2311 1432 2370 commoti

253 2421 442 2495 plerumque
462 2437 522 2482 sua
540 2423 603 2496 ipsi
622 2424 721 2482 verba
740 2424 989 2497 interrumpunt.
1003 2423 1170 2484 Eiusmodi
1182 2425 1293 2482 autern
1306 2423 1432 2496 ellipsis

254 2535 372 2595 Achilli
404 2536 575 2609 aptissima
605 2552 691 2596 nunc
721 2537 773 2595 hic
804 2537 938 2610 legitur:
963 2533 1123 2610 scalpro
1147 2535 1174 2598 εἰ
1197 2531 1229 2595 δὲ
1252 2535 1353 2614 βούλει
1377 2537 1433 2596 vei

255 2646 281 2704 εἰ
309 2643 341 2706 δὲ
371 2647 411 2725 μὴ
442 2648 541 2707 πείθει
571 2659 610 2731 τῷ
641 2647 700 2728 ἐμῷ
724 2648 808 2733 λόγῳ.
834 2649 952 2710 Contra
975 2642 1011 2708 εἷ’
1038 2646 1090 2727 ἄγε
1114 2647 1174 2728 μὴν
1197 2649 1336 2726 πείρησαι
1359 2650 1432 2709 cius

254 2775 326 2820 esse
357 2762 485 2822 videtur
508 2763 624 2838 potius
650 2763 704 2835 qui
728 2763 811 2822 iram
834 2764 901 2823 iam
925 2764 1063 2822 missam
1075 2764 1196 2838 fecerit„
1222 2765 1319 2837 atque
1342 2778 1430 2839 eum„

255 2875 306 2934 cui
329 2875 424 2935 modo
448 2876 593 2935 minatus
616 2875 669 2952 sit„
694 2876 810 2936 blande
834 2876 953 2950 alloqui
977 2878 1010 2936 et
1033 2877 1206 2936 admonere
1230 2877 1372 2951 incipiat.

196 3089 198 3092 ’
303 3097 376 3156 245.
398 3097 475 3156 Post
495 3099 690 3172 colloquium
710 3101 804 3159 extra
819 3100 1075 3160 aedeshabitum
1092 3115 1166 3160 cum
1178 3099 1321 3159 Eumaeo
1334 3100 1433 3171 atque

254 3210 400 3286 bubulco,
425 3211 480 3271 ubi
502 3227 538 3271 se
562 3214 801 3287 agnoscendum
825 3215 913 3274 dedit
935 3214 1008 3289 illiS„
1033 3214 1171 3287 Ulysses
1194 3228 1307 3273 rursus
1329 3213 1434 3272 intrat

256 3324 288 3383 et
308 3323 445 3397 pristina
464 3326 539 3386 sede
556 3327 686 3387 assidit:
700 3329 880 3400 sequuntur
892 3343 967 3387 eum
978 3328 1141 3386 Eumaeus
1154 3328 1251 3398 atque
1262 3325 1431 3386 bubulcus.

257 3437 340 3496 Tum
363 3439 520 3514 legimus:

460 3551 639 3631 Εὐρύμαχος
663 3547 690 3612 ‹i'
718 3550 777 3630 ἤδη
801 3553 886 3626 τόξον
909 3552 980 3631 μετὰ
1002 3551 1098 3632 χερσὶν
1122 3552 1229 3631 ἐνώμα,

301 3663 404 3738 Quam
439 3681 553 3726 verum
588 3667 632 3726 sit
666 3667 750 3741 quod
784 3667 824 3727 ad
858 3683 991 3727 versum
1025 3668 1087 3727 186
1120 3668 1159 3727 de
1189 3668 1288 3727 verbo
1319 3663 1432 3743 ἐπέχειν

256 3779 419 3854 annotavi,
452 3796 494 3839 ex
524 3796 587 3839 uno
619 3780 679 3840 hoc
709 3796 806 3840 versu
837 3782 979 3854 apparet.
1005 3781 1038 3839 Si
1062 3782 1149 3840 enim
1172 3781 1238 3840 illic
1262 3781 1431 3839 narratum

256 3893 360 3951 esset:
399 3893 580 3967 „Antinous
615 3897 648 3954 et
678 3895 903 3967 Eurymachus
935 3894 968 3953 in
999 3896 1116 3954 conatu
1147 3893 1430 3968 pe1·severabant'’„

256 4007 308 4067 hic
330 4009 552 4082 unusquisque
576 4011 781 4083 exspectaret
806 4009 1050 4084 „Eurymachus
1074 4010 1203 4069 etiam
1227 4024 1339 4068 arcum
1362 4023 1430 4067 ma·

255 4120 349 4180 nibus
382 4122 563 4197 versabat”„
590 4124 622 4182 et
646 4124 822 4183 absurdum
845 4123 929 4183 foret
955 4123 1108 4199 „iam...
1133 4123 1305 4182 versabat”
1330 4122 1369 4181 de
1393 4137 1431 4181 eo

254 4235 308 4309 qui
346 4250 513 4309 nunquam
543 4236 648 4296 desiit.
684 4238 775 4298 Nunc
811 4252 885 4296 cnm
920 4237 986 4296 illic
1019 4236 1211 4309 legerimus:
1250 4235 1432 4310 „Antinous

253 4351 286 4410 et
320 4350 544 4425 Eurymachus
579 4351 723 4411 nondum
758 4330 937 4410 omiserant
972 4350 1133 4423 conatum„
1166 4349 1223 4408 sed
1253 4348 1432 4408 manebant

252 4467 383 4541 etiam'„
416 4465 553 4526 minime
584 4465 743 4525 miramur
774 4465 827 4524 hic
853 4465 1015 4539 legentes:
1044 4463 1193 4539 „iamque
1217 4463 1331 4534 (denuo
1355 4464 1431 4535 post
