3270 5262
544 1590 546 1593 ’
655 1616 917 1726 iinon
960 1617 1097 1726 vn.

336 2062 397 2120 Ter
417 2061 449 2120 in
468 2062 529 2121 hoo
547 2060 627 2120 libro
647 2059 847 2133 pronominis
866 2057 955 2130 αὐτός
975 2060 1097 2120 formas
1118 2076 1155 2119 ea
1168 2059 1292 2118 ratione
1305 2059 1468 2125 adhibitas

291 2176 384 2235 video
408 2191 489 2248 quae
513 2175 607 2249 plane
632 2173 803 2233 abhorreat
826 2189 846 2232 a
869 2175 999 2234 vetusto
1024 2188 1174 2233 sermone
1198 2173 1304 2247 epico:

337 2291 356 2348 8
381 2304 449 2362 sqq.
479 2298 481 2302 '
784 2285 999 2364 θαλαμηπόλος
1023 2284 1252 2365 Εὐρυμέδουσα,

502 2399 567 2486 Ιτήν
590 2392 650 2458 ποτ’
678 2397 851 2477 Ἀπείρηθεν
874 2395 937 2470 νέες
960 2396 1073 2479 ήγαγον
1097 2396 1315 2476 ἀμφιίέλισσαι·

515 2511 651 2596 Ἀλκινόῳ
675 2506 702 2571 δ’
719 2509 814 2588 αιἰτήν
837 2508 923 2592 γέρας
947 2510 1052 2584 ἔξελον.

340 2630 379 2688 19
404 2643 472 2701 sqq.
520 2624 596 2684 ἔνθα
619 2626 671 2684 λοι
694 2621 870 2703 ἀντεβόλησε
893 2622 952 2684 θεὰ
974 2628 1144 2705 γλαυκῶπις
1167 2623 1280 2703 Ἀθήνη

515 2745 683 2822 παρθενικῇ
706 2738 848 2797 tetradio
871 2737 996 2816 νεήνιδι,
1017 2737 1126 2798 κάλπιν
1149 2736 1265 2822 ἐχούσῃ.
1371 2784 1375 2790 1

512 2847 577 2934 ’στή
600 2848 632 2912 δὲ
654 2846 759 2931 πρόσθ’
787 2850 888 2912 αὐτοῦ.

339 2969 402 3028 245
427 2984 495 3042 sqq.
520 2964 596 3025 ἔνθα
620 2960 674 3042 μὲν
689 2961 846 3035 ’Ἀτλαντος
869 2963 1005 3044 θυγάτηρ
1031 2963 1173 3056 δολόεσσα
1196 2963 1333 3042 Καλυψὼ

515 3079 592 3139 ναίει
613 3075 808 3155 ἐυπλόκαμος,
830 3076 936 3155 δίεινή
958 3076 1040 3156 θεός,
1062 3077 1134 3139 οὐδέ
1155 3101 1198 3151 τις
1221 3077 1297 3162 αὐτῇ

517 3192 647 3272 μίσγεται
670 3188 736 3252 οότε
759 3196 841 3251 θεῶν
864 3189 931 3252 οὔτε
952 3195 1074 3270 θνητῶν
1098 3189 1277 3273 ἀνθρώπανι

341 3422 380 3481 16
405 3437 452 3494 sq.
499 3420 712 3495 superiniecit
734 3419 846 3493 Ulyssi
870 3419 990 3480 nubem
1013 3421 1157 3480 Minerva

516 3533 556 3610 μή
579 3556 622 3604 τις
650 3531 791 3609 Φαιήκων
816 3532 999 3612 μεγαθύμων
1022 3530 1217 3612 ἀντιβολήσας

516 3643 665 3726 κερτομέοι
687 3647 724 3706 λε
745 3643 867 3706 ίίπεσσι
889 3644 939 3705 καὶ
962 3642 1097 3727 ἐξερέοιθ’
1124 3645 1183 3718 ότις
1206 3647 1268 3726 εἴη..

341 3761 479 3820 Omnino
510 3761 591 3821 satis
623 3761 747 3820 insulsa
778 3763 829 3820 est
854 3761 924 3821 tota
948 3760 986 3820 de
1009 3762 1093 3821 nube
1115 3762 1172 3822 illa
1194 3762 1346 3839 narratio,
1371 3778 1470 3836 quam

295 3849 453 3934 recentior
483 3877 579 3948 poeta
609 3874 739 3948 addidit,
772 3875 934 3948 corrumpi
964 3875 1027 3934 isto
1054 3876 1126 3934 fuco
1149 3878 1324 3936 venustam
1347 3878 1473 3951 antiqui

296 3988 449 4047 carminis
469 3988 714 4062 simplicitatem
734 4002 838 4059 neque
858 3988 1003 4046 sentiens
1023 4003 1126 4060 neque
1147 4004 1272 4049 curans.
1286 3991 1345 4050 illo
1356 3992 1470 4051 tamen

296 4101 434 4176 ineptior
456 4101 518 4160 fuit
537 4103 634 4161 homo
655 4102 709 4174 qui
728 4101 876 4160 versibus
896 4101 1004 4161 citatis
1024 4103 1119 4162 nubis
1139 4105 1298 4162 rationem
1311 4119 1473 4179 exponere

298 4217 348 4274 est
371 4218 514 4275 conatus,
540 4190 750 4289 Exeogitasse
774 4215 894 4288 aliquid
916 4215 1046 4290 Ulyssis
1069 4218 1240 4291 patronam
1260 4233 1301 4276 ne
1319 4233 1472 4293 procaces

297 4329 484 4389 Ithacenses
507 4330 677 4389 molestias
697 4330 726 4388 ei
746 4329 897 4389 exhibere
916 4333 1050 4404 possent
1069 4331 1297 4406 intelligimus;
1319 4333 1375 4390 sed
1395 4332 1472 4404 quid

297 4444 456 4503 attinebat
485 4443 642 4503 miraculo
670 4443 724 4502 illo
748 4443 915 4517 prohibere
941 4446 1113 4518 quominus
1138 4460 1213 4504 eum
1236 4446 1330 4518 quis
1354 4448 1472 4506 esset
