3270 5262
720 627 758 684 41

157 812 225 883 quia
259 815 337 886 post
367 811 392 871 εἰ
421 814 512 873 deest
534 829 711 888 pronomen
743 835 779 873 τι.
812 814 900 888 Quod
933 816 1062 874 etiamsi
1093 816 1200 889 aliquo
1231 817 1326 876 modo

156 925 249 986 inseri
288 930 401 1002 posset
434 930 546 988 tamen
579 929 674 1002 longe
709 929 844 989 Nauckii
880 932 1059 1002 praestaret
1093 931 1198 990 lectio.
1239 930 1327 1004 Quod

155 1041 238 1099 enim
261 1040 319 1100 ille
339 1042 425 1101 dedit
443 1038 493 1099 καί
513 1040 543 1100 εἴ
556 1039 629 1101 aori
649 1057 694 1100 σοι
714 1040 803 1117 φίλον
823 1040 867 1118 εἴη
878 1059 952 1113 ,non
972 1043 1078 1103 solum
1098 1045 1185 1103 recte
1204 1044 1327 1103 dictum

154 1155 201 1213 est
231 1156 290 1214 sed
324 1157 423 1216 etiam
446 1159 551 1216 totam
574 1157 793 1217 narrationem
818 1157 945 1231 egregie
969 1158 1121 1218 illustrat.
1146 1158 1217 1217 Non
1240 1158 1327 1217 enim

153 1270 286 1330 domum
323 1285 359 1330 se
392 1272 570 1331 rediturum
605 1272 705 1332 Aeolo
736 1271 819 1331 dixit
846 1271 983 1346 Ulysses
1014 1274 1071 1332 sed
1101 1273 1328 1332 tantummodo

153 1377 222 1441 ὁδὸν
252 1381 340 1466 ᾔτεεν
370 1379 418 1462 ἠδ’
453 1381 583 1444 ἐκέλευεν
613 1379 776 1461 πεμπέμεν
804 1389 862 1455 (vs.
891 1387 928 1444 17
955 1389 1024 1460 sot.
1050 1386 1132 1447 'lum
1156 1388 1328 1447 ventorum

150 1511 206 1555 rex
237 1497 307 1557 illis
339 1498 566 1558 convenienter
597 1498 745 1572 precibus
772 1513 836 1558 non
860 1500 996 1558 ventum
1020 1499 1198 1559 secundum
1222 1499 1328 1558 solum

150 1609 178 1667 ei
197 1609 298 1683 dedit,
321 1611 376 1670 sed
396 1627 528 1672 saccum
543 1614 718 1672 ventorum
730 1613 879 1686 plenum:
893 1613 985 1672 cuius
999 1612 1170 1672 consilium
1183 1613 1328 1685 ratioque

149 1737 190 1781 ex
224 1725 422 1785 allocutione
456 1726 588 1785 demum
624 1741 723 1799 quam
757 1726 902 1785 restituit
933 1726 1097 1785 Nauckius
1127 1725 1328 1799 intelligitur.

151 1836 224 1896 Sive
249 1837 340 1897 enim
363 1854 428 1898 non
447 1838 572 1899 audivit
591 1839 711 1899 Aeolus
731 1854 793 1912 quo
814 1838 927 1912 Ulyssi
947 1839 1034 1897 esset
1053 1839 1115 1897 iter
1134 1838 1328 1914 iaciendum,

148 1950 217 2009 sive
237 1953 303 2011 hoc
323 1967 364 2011 ex
382 1952 512 2027 Ulyssis
532 1952 718 2012 narratione
736 1952 917 2026 intelligere
938 1951 1067 2024 quidem
1080 1952 1185 2026 potuit
1198 1953 1330 2023 (etenim

148 2079 203 2136 per
234 2065 401 2139 integrum
432 2081 580 2125 mensem
613 2066 750 2139 Ulysses
783 2064 866 2138 apud
898 2080 972 2124 eum
1005 2065 1055 2123 est
1083 2065 1274 2125 deversatus
1298 2068 1331 2125 et

41 2207 42 2218 ν
149 2179 307 2252 quidquid
336 2178 389 2238 ille
420 2179 502 2238 scire
533 2178 632 2238 vellet
663 2179 827 2253 narravit),
857 2179 913 2236 sed
937 2179 1050 2252 postea
1073 2178 1155 2238 scire
1179 2194 1215 2238 se
1239 2179 1329 2238 dissi·

149 2294 302 2366 mulavit,
334 2294 363 2353 ei
393 2293 550 2369 omnium,
582 2294 740 2367 quotquot
770 2294 856 2368 sunt,
889 2294 1062 2352 ventomm
1093 2293 1170 2352 fecit
1194 2293 1328 2368 copiam.

151 2406 322 2467 Eiusmodi
351 2409 462 2467 autem
492 2409 567 2468 doni
598 2409 764 2468 auctorem
795 2407 925 2481 gloriari
953 2407 1060 2466 decet:
1089 2407 1155 2482 „ita
1178 2409 1211 2467 te
1235 2423 1254 2466 a
1277 2423 1330 2467 me

151 2522 264 2583 dimisi
286 2524 324 2582 ut
346 2523 398 2583 vel
418 2524 551 2582 domum
573 2523 623 2582 vel
644 2538 833 2597 quocunque
853 2523 954 2582 velles
974 2523 1178 2597 navigares''
1200 2523 1329 2599 Verum,

152 2636 229 2696 dum
268 2636 382 2712 scribo,
418 2639 563 2697 metuere
595 2636 721 2712 incipio,
754 2652 794 2695 ne
826 2635 955 2710 ineptus
987 2636 1050 2695 sim
1082 2637 1136 2710 qui
1166 2637 1331 2697 fabulosae

40 2787 41 2808 τ
152 2750 351 2810 narrationis
374 2751 534 2811 rationem
558 2752 707 2811 constare
731 2751 869 2824 cupiam,
896 2765 979 2825 cum,
1006 2751 1039 2808 in
1057 2751 1120 2824 ,hac
1139 2752 1331 2824 praesertim

153 2867 247 2937 parte
271 2864 442 2940 Odysseae,
464 2867 514 2924 tot
533 2879 584 2924 res
605 2865 755 2938 legantur
775 2865 981 2924 admirationi
1003 2864 1132 2937 quidem
1152 2865 1332 2924 movendae

154 2979 185 3037 et
216 2979 404 3038 auditorum
435 2978 554 3038 animis
579 2978 759 3038 detinendis
783 2979 982 3053 aptissimae,
1008 2978 1064 3038 sed
1088 2993 1226 3051 quarum
1248 2979 1332 3051 quod

155 3107 227 3153 esse
261 3093 401 3165 potuerit
426 3092 597 3152 consilium
622 3107 734 3165 rogare
758 3092 907 3165 putidum
930 3093 975 3151 sit
998 3094 1031 3150 et
1054 3091 1225 3151 insulsum.
1250 3091 1332 3166 Ergo

155 3205 365 3266 Nauckianae
395 3205 543 3265 lectionis
574 3205 789 3280 patrocinium
813 3205 964 3265 omittere
988 3221 1063 3264 sum
1086 3208 1219 3279 paratus
1243 3207 1332 3265 dum·

155 3319 254 3378 modo
275 3319 356 3378 mihi
376 3294 569 3379 concedatur
589 3319 644 3377 illa
663 3333 719 3392 pro
739 3317 856 3392 verbiS,
878 3334 895 3376 e
916 3319 1030 3391 quibus
1047 3319 1139 3378 salva
1151 3319 1333 3379 Graecitate

155 3434 268 3492 nullus
291 3434 386 3508 aptus
410 3447 526 3493 sensus
550 3431 685 3493 extundi
704 3433 816 3507 possit,
838 3432 967 3491 restitui
987 3433 1107 3506 aliquid
1127 3434 1210 3507 quod
1230 3448 1334 3507 neque

156 3545 305 3620 ineptum
330 3547 374 3606 sit
397 3549 430 3606 et
453 3547 491 3605 ad
516 3547 761 3620 intelligendum
785 3545 987 3605 facillimum.

204 3774 245 3832 77
273 3788 340 3846 sqq.
387 3771 476 3832 ἔνθεν
500 3769 533 3832 δὲ
555 3770 686 3852 προτέρω
706 3766 844 3849 ’πλέομεν
868 3770 1049 3852 ἀκαχημένοι
1075 3763 1156 3852 ἦτορ.

379 3881 498 3965 ’τείρετο
523 3881 550 3946 δ’
577 3883 696 3966 ἀνδρῶν
719 3883 819 3962 θυμὸς
842 3881 898 3945 ὑπ’
924 3886 1050 3966 εἰρεσίης
1073 3884 1223 3966 ἀλεγεινῆς

382 3995 506 4082 ἡμετέρῃ
530 4000 628 4084 ματίῃ,
652 3997 714 4060 έττεί
737 3995 835 4060 οὐκέτι
854 3993 990 4075 ’φαίνετο
1013 3999 1126 4078 ττομντή.

206 4113 377 4188 Quaeritur
411 4114 486 4187 quid
521 4109 644 4197 ἡμετέρῃ
678 4112 776 4196 ματίῃ,
806 4114 890 4187 quod
920 4116 981 4174 hoc
1012 4130 1076 4174 uno
1106 4114 1176 4174 loco
1206 4113 1332 4187 legitur,

159 4227 344 4304 significare
384 4227 504 4302 possit;
540 4229 622 4287 mihi
660 4242 763 4302 neque
797 4230 946 4288 nostra
981 4229 1196 4302 stultitia,
1232 4241 1334 4300 neque

160 4344 312 4404 nostra
342 4342 479 4416 culpa,
512 4357 615 4414 neque
646 4341 790 4400 labore
822 4341 965 4418 irrit0,
998 4357 1101 4415 neque
1133 4345 1206 4415 (quo
1237 4354 1335 4399 sensu

161 4456 352 4534 Apollonius
382 4455 526 4516 Rhodius
556 4455 735 4532 usurpavit)
767 4456 915 4515 nostra
945 4456 1197 4516 temeritate
1220 4467 1334 4514 verum
