3310 5262
806 615 866 673 104

245 801 454 861 balbutientis
477 803 563 876 sunt,
588 817 653 861 non
676 801 847 874 loquentis.
872 801 954 860 Male
977 803 1089 860 tamen
1108 815 1161 859 me
1181 797 1269 859 istud
1289 797 1422 868 ἅπαντας

244 915 358 974 habet:
380 930 509 975 secures
530 918 586 974 aut
605 915 763 974 tolluntur
782 914 1062 986 recondunturque
1083 915 1139 972 aut
1158 929 1217 975 suo
1236 914 1306 973 loeo
1327 912 1421 972 relin-

244 1029 401 1101 quuntur3
434 1028 491 1086 sed
521 1029 590 1086 sive
621 1028 681 1087 hoo
711 1026 748 1086 fit
779 1028 848 1086 sive
880 1027 967 1102 illud,
1001 1027 1151 1086 omnibus
1174 1026 1212 1087 iit
1234 1027 1419 1086 securibus:

245 1142 284 1200 de
315 1142 406 1215 parte
437 1142 545 1215 aliqua
575 1141 716 1200 tollenda
747 1144 780 1200 et
803 1143 894 1214 parte
917 1141 1127 1214 relinquenda
1150 1142 1291 1215 cogitare
1314 1140 1423 1213 potest

247 1271 352 1314 nemo.

294 1479 356 1538 288
388 1494 456 1552 sqq.
490 1480 530 1538 Se
554 1479 638 1538 velle
662 1480 840 1552 perieulum
864 1480 970 1538 iacere
993 1479 1129 1552 Ulysses
1153 1479 1182 1536 si
1204 1478 1287 1537 forte
1311 1491 1425 1535 areum

247 1592 378 1651 tendere
409 1593 511 1665 possit
543 1592 596 1650 ubi
621 1592 712 1667 dixit,
737 1593 788 1650 his
811 1593 919 1651 verbis
943 1590 1089 1651 simulati
1112 1591 1252 1651 mendici
1275 1604 1422 1663 arrogan-

249 1705 329 1762 tiam
353 1705 445 1764 notat
468 1679 646 1765 Antinous:

350 1875 352 1880 .
427 1809 445 1874 ἀ
470 1814 567 1876 client
591 1817 705 1894 ξείνων,
727 1817 771 1877 tio
795 1840 839 1878 τοι
864 1815 970 1897 φρένες
993 1811 1061 1877 οὐδ’
1088 1808 1106 1894 ἦ
1130 1817 1222 1894 βαιαί.

428 1929 482 1990 οὐκ
507 1928 623 2013 ἀγαπᾷς
648 1926 663 1990 ὃ
687 1929 814 2008 linetae
837 1930 1046 2010 ὑπερφιάλοισι
1070 1923 1135 2007 μεθ’
1161 1921 1234 2007 ἧμιν

338 2046 401 2103 290
426 2045 565 2104 δαίνυσαι
590 2044 661 2105 οὐδέ
684 2068 709 2104 τι
734 2045 833 2117 δαιτὸς
857 2043 1005 2125 ἀμέρδεαι,
1028 2042 1121 2121 αὐτὰρ
1146 2041 1265 2116 ἀκούεις

428 2159 536 2233 μύθων
559 2155 706 2235 ἡμετέρων
730 2157 780 2218 καὶ
803 2158 921 2238 ῥήσιοςς
946 2157 1017 2219 οὐδέ
1040 2181 1082 2229 τις
1105 2155 1191 2230 ἀλλος

427 2268 574 2347 ἡμετέρων
599 2275 707 2342 μύθων
731 2275 824 2344 ξεῖνος
848 2271 899 2331 καὶ
922 2272 1034 2350 πτωχὸς
1060 2269 1170 2332 ἀκούει.

293 2385 404 2458 Inepte
436 2401 483 2445 vs.
518 2387 580 2445 289
613 2387 735 2446 dietum
767 2387 895 2446 videtur
926 2385 1135 2458 ὑπερφιάλοισι
1166 2380 1230 2460 μεθ’
1265 2381 1345 2460 ἡμῖν,
1368 2385 1429 2444 sed

249 2499 310 2557 hoo
339 2498 445 2558 mitto.
479 2498 576 2558 Gravi
607 2515 683 2558 vero
706 2500 818 2558 morbo
842 2500 987 2559 laborare
1004 2515 1143 2583 ‘versum
1169 2501 1229 2558 291
1256 2498 1428 2557 vobiscum

250 2626 374 2670 censeo.
399 2612 470 2670 Non
493 2612 590 2686 enim,
612 2613 695 2685 quod
715 2628 774 2672 vos
794 2629 919 2686 quoque
939 2614 972 2672 in
993 2612 1201 2672 annotatione
1219 2611 1335 2685 dicitis,
1349 2610 1429 2669 ferri

249 2725 369 2797 potest·
386 2722 435 2781 καὶ
467 2723 566 2801 ῥήσιος
599 2727 671 2799 post
703 2726 820 2799 μύθων,
851 2742 925 2785 oum
956 2725 1147 2800 praesertim
1175 2726 1231 2784 illa
1253 2740 1318 2784 vox
1343 2723 1427 2799 ῥῆσις

249 2815 410 2910 nusquam
434 2838 510 2896 alibi
533 2839 668 2912 legatur.
698 2839 786 2914 Quod
807 2841 917 2898 autem
937 2840 1075 2912 rogatis:
1100 2838 1241 2913 „latetne
1254 2837 1427 2896 nominati-

249 2963 311 3009 vus
335 2950 451 3023 aliquis
475 2950 508 3008 in
533 2948 581 3008 lot
605 2951 751 3028 ῥήσιοςῖ”
776 2952 968 3026 respondere
993 2952 1092 3010 velim
1117 2952 1220 3010 multo
1244 2950 1326 3009 mihi
1346 2950 1427 3008 veri-

250 3063 391 3122 similius
416 3064 516 3123 videri
540 3064 639 3124 aliam
663 3065 705 3124 ibi
729 3081 843 3125 vocem
866 3065 977 3139 latere,
1003 3081 1084 3138 quae
1107 3080 1193 3124 nuno
1213 3080 1287 3123 oum
1306 3078 1427 3136 magno

251 3177 432 3235 sententiae
464 3177 658 3237 detrimento
690 3179 897 3237 desideretur.
926 3179 1038 3237 Nonne
1063 3179 1150 3237 enim
1174 3178 1311 3237 absurde
1334 3179 1429 3250 rogat

251 3289 429 3349 Antinous:
453 3290 596 3363 „satisne
615 3290 675 3350 tibi
694 3307 758 3350 non
783 3294 841 3365 est,
863 3293 946 3364 quod
966 3291 1135 3350 nobiseum
1154 3291 1248 3349 sedes
1267 3305 1427 3362 uenasque

252 3406 284 3463 et
308 3419 475 3464 sermones
499 3406 627 3463 nostros
652 3404 753 3479 audis,
778 3421 881 3478 neque
905 3406 1074 3478 quisquam
1098 3405 1181 3463 alius
1200 3405 1318 3477 hospes
1338 3419 1427 3461 men·

252 3517 383 3576 diousve
414 3533 469 3576 eos
501 3518 636 3576 audit'’?
667 3518 779 3591 Nonne
810 3517 964 3578 beneficia
995 3533 1054 3577 sua
1082 3517 1137 3577 alii
1161 3517 1353 3591 imputantis
1376 3517 1429 3574 est

252 3630 373 3689 dicere:
420 3629 524 3704 „quod
561 3630 621 3689 tibi
655 3645 740 3689 nuno
775 3630 814 3690 do
850 3631 1023 3704 (permitto)
1059 3644 1268 3703 nunquam
1302 3629 1428 3686 antea

252 3744 403 3816 cuiquam
434 3743 506 3802 dedi
538 3744 738 3818 (permisi)”?
769 3743 867 3804 Deest
894 3761 969 3819 ergo
1000 3745 1189 3804 adverbium
1215 3741 1318 3818 πάρος,
1342 3742 1427 3814 quod

251 3859 280 3917 si
316 3859 392 3931 apta
421 3857 497 3916 huie
526 3859 636 3917 versui
669 3858 906 3917 emendatione
937 3858 1126 3917 restitutum
1158 3857 1228 3932 erit,
1264 3856 1428 3929 eleganter

250 3987 346 4030 suum
378 3971 439 4029 sibi
463 3971 598 4030 verbum
622 3972 655 4030 in
679 3972 842 4045 praesenti
869 3969 990 4040 (ἀκούει)
1017 3970 1148 4030 habebit
1171 3971 1369 4030 adiunctum.

296 4195 359 4253 303
381 4210 427 4267 sq.
452 4194 584 4253 Ebrium
604 4196 768 4270 Ulyssem,
791 4197 844 4270 qui
865 4196 1022 4256 eiusmodi
1040 4194 1160 4268 aliquid
1173 4210 1285 4268 rogare
1298 4193 1425 4268 audeat,

251 4307 411 4366 Antinous
432 4308 518 4383 dicit,
541 4310 574 4367 et
593 4324 674 4381 quae
695 4310 784 4368 mala
795 4309 910 4369 afferre
923 4310 1026 4369 soleat
1038 4309 1177 4367 nimium
1190 4307 1303 4367 vinum
1316 4310 1427 4367 narrat

249 4419 411 4480 afferendo
446 4421 596 4495 exemplo
632 4421 784 4481 Centauri
815 4423 1010 4498 Eurytionis,
1043 4421 1097 4495 qui
1128 4422 1211 4496 apud
1242 4421 1428 4480 Pirithoum
