3270 5262
829 629 870 688 72

461 807 607 891 ὦπάτερ,
629 805 648 892 ἦ
671 836 715 873 τοι
739 818 799 873 σεῖο
820 811 892 892 μέγα
916 809 999 884 artos
1023 809 1087 872 αἰὲν
1110 809 1233 890 άκονον,

459 926 555 1007 χεῖράς
578 922 603 986 τ’
628 925 773 1005 αἰχμητὴν
796 924 896 1003 ἔμεναι
919 923 969 985 καὶ
993 923 1140 1004 ἐπίφρονα
1165 925 1287 1004 βουλήν·

458 1038 532 1100 ἀλλὰ
554 1041 621 1119 λίην
645 1034 707 1120 μέγ’
735 1039 857 1111 ἔάεατες·
881 1036 939 1119 άγη
963 1035 988 1116 μ’
1015 1038 1079 1118 ἔχει·
1100 1036 1171 1099 οὐδέ
1193 1061 1245 1099 κεν
1266 1039 1311 1118 εἴη

459 1152 549 1231 άνδρε
572 1155 635 1215 δύω
657 1158 789 1214 πολλοῖσι
812 1151 861 1213 καί
885 1152 1038 1230 ἰφθίμοισι
1061 1153 1214 1232 μάχεσθαι.

304 1269 341 1327 In
372 1270 477 1343 procis
509 1271 568 1345 est,
600 1270 720 1345 opinor,
753 1268 938 1328 dubitabilis
970 1268 1083 1344 virtus,
1116 1269 1273 1342 paucique
1303 1271 1434 1328 tantum

261 1397 373 1441 eorum
404 1398 517 1443 revera
546 1384 646 1443 fortes
677 1383 739 1442 dici
765 1384 911 1457 possunt.
938 1381 1040 1456 Quare
1064 1382 1239 1441 videndum
1262 1397 1369 1441 annon
1392 1383 1434 1442 io·

262 1496 403 1570 gendum
426 1497 487 1555 sit:

461 1606 551 1688 άνδρε
575 1609 637 1668 δύω
661 1612 793 1668 πολλοῖσι
818 1604 868 1667 καὶ
894 1607 1012 1683 ι’φθίμοο
1035 1604 1220 1684 μαχέσασθαι

265 1737 349 1798 „non
380 1725 517 1796 possunt
547 1724 618 1800 duo,
651 1724 782 1784 etiamsi
812 1724 913 1783 fortes
944 1724 1029 1792 sunt,
1055 1737 1129 1781 cum
1151 1737 1271 1797 magna
1294 1739 1440 1798 pugnare

262 1835 502 1896 multitudine.'‘

310 2073 372 2133 245
397 2087 466 2147 sqq.
492 2073 659 2147 Sequitur:

420 2186 597 2265 μνηστήρων
620 2181 647 2244 δ’
675 2181 736 2246 οὔτ’
764 2183 800 2264 ta
826 2184 911 2256 δεκὰς
935 2181 1050 2265 άτρεκές
1074 2182 1142 2245 οὔτε
1167 2180 1214 2245 δύ’
1242 2178 1312 2256 οἶαι,

420 2297 493 2359 ἀλλὰ
515 2298 591 2360 πολὺ
614 2296 734 2371 ιτλέονες
757 2334 799 2341 -
823 2299 894 2377 τάχα
917 2299 1030 2358 ἔείσεαι
1053 2293 1158 2358 ἐνθάδ’
1185 2297 1326 2377 ἀριθμόν,
1351 2334 1391 2340 -

311 2415 372 2474 247
421 2410 452 2472 ἔκ
475 2410 528 2490 μὲν
552 2413 720 2491 Δουλιχίοιο
740 2413 803 2472 δύω
827 2410 876 2472 καὶ
899 2412 1081 2489 πεντήκοντα

419 2535 522 2605 κοῦροι
545 2524 720 2606 κεκριμένοι,
741 2522 794 2598 ft}
818 2522 851 2585 δὲ
874 2526 1034 2605 δρηστῆρες
1057 2523 1185 2585 ἕπονται·

420 2637 453 2699 ἔκ
475 2637 508 2699 δέ
530 2640 637 2718 Σάμης
660 2640 781 2719 ιτίσορες
804 2637 853 2699 καὶ
877 2637 1005 2699 ἕδείκοσι
1029 2648 1123 2715 φῶτες
1147 2637 1221 2717 ἔασι,

311 2755 375 2814 250
421 2751 453 2813 ἔκ
477 2750 509 2812 δὲ
533 2754 697 2814 Ζακύνθου
720 2752 803 2813 ἔασιν
826 2751 954 2814 ἐέείκοσι
977 2761 1081 2833 κοῦροι
1105 2757 1236 2832 Ἀχαιῶν,

422 2864 453 2926 ἐκ
477 2862 503 2926 δ’
531 2866 622 2945 αὐτῆς
641 2861 764 2944 Ἰθάκης
788 2867 843 2927 δύο
867 2864 916 2927 καὶ
941 2865 1011 2926 δέκα
1033 2866 1140 2938 πάντες
1164 2864 1285 2947 άριστοι.

421 2980 474 3039 καί
495 2996 567 3057 σφιν
590 2975 641 3058 ἅμ’
670 2978 728 3039 ἐστὶ
752 2978 867 3040 Μέδων
889 2979 981 3059 κήρυξ
1006 2977 1055 3039 καὶ
1077 2985 1161 3052 θεῖος
1185 2978 1287 3052 άοιδὸς

420 3091 470 3153 καὶ
494 3091 565 3154 δοιὼ
588 3093 754 3171 θεράποντε
778 3094 909 3172 δαήμονε
934 3094 1164 3170 δαιτροσυνάων.

312 3209 450 3269 Omnino
480 3209 578 3283 probo
609 3210 692 3282 quod
724 3224 837 3269 versus
869 3209 1041 3268 att-251
1067 3209 1239 3284 damnatio,
1265 3209 1440 3268 dummodo

267 3338 315 3381 vs,
337 3323 400 3381 246
420 3338 477 3396 pro
497 3316 602 3381 ἐνθάδ’
625 3322 788 3396 recipiatis
809 3323 903 3394 (quod
922 3323 1014 3382 vobis
1035 3337 1159 3396 quoque
1175 3338 1289 3381 verum
1302 3322 1439 3391 videtur)

267 3432 372 3505 αὐτός-ς
392 3435 510 3509 altoqui
530 3438 728 3496 contrarium
748 3436 864 3495 dicitur
884 3436 953 3496 eius
973 3437 1056 3510 quod
1073 3437 1125 3495 hic
1136 3437 1325 3509 requiritur:
1342 3450 1441 3510 „mox

266 3548 335 3621 ipso
367 3563 478 3608 eorum
505 3565 678 3610 numerum
701 3551 793 3624 scies
819 3565 1002 3624 cognosces
1027 3549 1182 3625 videbis,’'
1201 3543 1219 3619 ¹)
1243 3565 1308 3608 non
1331 3544 1441 3606 ἐνθάδε

269 3677 383 3722 verum
410 3666 491 3721 κεῖθι
521 3665 554 3723 in
577 3665 642 3724 tuis
665 3665 814 3724 aedibus:
840 3664 868 3722 si
892 3664 978 3722 enim
1003 3661 1113 3721 ἐνθάδε
1136 3664 1308 3737 cognoscet
1330 3678 1440 3722 nume-

267 3793 340 3836 rum
374 3778 512 3851 Ulysses
544 3793 584 3836 ex
615 3775 673 3836 filii
700 3777 943 3836 enumeratione
967 3776 1207 3851 cognoscendus
1231 3777 1260 3835 ei
1280 3778 1339 3835 est.
1361 3775 1440 3849 Qua·

267 3893 396 3965 propter
427 3891 532 3965 ipsam
560 3891 650 3950 illam
673 3891 827 3950 vitiosam
850 3890 1023 3949 lectionem
1046 3887 1156 3948 ἐνθάδε
1179 3890 1280 3949 totius
1303 3890 1439 3962 interpo-

267 4004 397 4064 lationis
428 4019 544 4064 ansam
567 4004 693 4063 dedisse
717 4003 871 4076 suspicor.
896 4003 936 4062 Et
958 4003 1105 4076 ineptum
1129 4005 1179 4062 est
1203 4017 1277 4062 cum
1301 4002 1439 4061 dixeris:

269 4133 367 4193 „mox
391 4118 556 4192 cognitum
576 4117 709 4176 habebis
728 4117 922 4174 numerum“
943 4116 1058 4175 statim
1077 4116 1234 4175 subiicere
1254 4116 1440 4174 accuratam

266 4231 497 4291 recensionem.
519 4230 580 4289 Sed
600 4244 685 4288 nunc
704 4228 808 4287 multo
828 4229 934 4303 magis
953 4243 1033 4302 opus
1054 4230 1104 4287 est
1122 4229 1159 4286 ut
1178 4243 1293 4287 versus
1315 4227 1378 4288 252
1391 4243 1439 4300 sq.

440 4383 512 4390 ...-

297 4479 313 4528 1)
327 4474 390 4519 Vide
404 4473 510 4527 quaeda
524 4471 600 4516 huius
613 4471 684 4516 verbi
699 4470 882 4525 significatione
896 4469 1006 4514 diximus
1020 4468 1052 4513 ad
1066 4469 1091 4513 L.
1106 4468 1139 4513 VI
1153 4480 1190 4515 vs
1202 4471 1250 4515 257.
