3310 5262
606 1664 864 1813 cinna
910 1665 1070 1772 uxr.

340 2108 382 2166 42
429 2101 447 2182 ἥ
472 2099 500 2165 δ’
528 2103 574 2166 ὅτε
598 2104 636 2183 δὴ
659 2105 799 2183 θάλαμον
824 2105 874 2166 τὸν
899 2103 1020 2178 ἀφίκετο
1044 2107 1094 2166 δῖα
1117 2115 1269 2186 γυναικῶν

251 2221 404 2293 quoniam
439 2235 503 2279 non
538 2221 683 2294 sequitur
715 2221 877 2280 sententia
908 2219 1053 2295 relativa,
1086 2235 1203 2280 sanum
1235 2236 1306 2280 esse
1338 2221 1429 2280 istud

250 2335 389 2408 θάλαμον
413 2333 463 2392 τόν
487 2350 552 2393 noll
574 2336 691 2408 potest.
1120 2307 1122 2313 ⁴

261 2607 262 2610 ,
297 2560 359 2617 134
379 2575 426 2632 sq.
448 2560 581 2619 Frustra
602 2561 737 2619 conatus
757 2574 869 2619 arcum
884 2562 1055 2634 paternum
1067 2561 1199 2620 tendere
1211 2560 1428 2620 Telemachus

250 2673 392 2746 primum
416 2672 454 2732 de
478 2687 538 2731 sua
560 2673 759 2732 lamentatur
782 2673 1012 2748 imbecillitate,
1038 2673 1151 2732 deinde
1174 2674 1254 2733 haec
1278 2674 1383 2734 addit:

471 2780 528 2844 ἀλλ’
555 2779 649 2865 ἄγεθ’,
672 2785 705 2845 οἴ
723 2807 777 2863 περ
801 2782 878 2862 ἐμεῖο
902 2785 953 2868 βίῃ
975 2782 1203 2865 προφερέστεροί
1220 2785 1291 2863 ἕστε,

472 2898 558 2971 τόξον
581 2898 776 2976 πειρήσασθε,
797 2896 847 2958 καὶ
871 2895 1044 2975 ἐκτελέωμεν
1069 2895 1189 2958 ἄεθλον.

297 3014 356 3090 Qui
380 3014 476 3073 modo
499 3013 601 3072 labori
625 3013 721 3073 alicui
746 3014 904 3086 imparem
928 3028 964 3072 se
988 3029 1060 3072 esse
1084 3016 1238 3087 expertus
1258 3015 1308 3073 est
1328 3017 1427 3088 atque

250 3146 325 3204 ergo
357 3129 429 3188 aliis
461 3144 536 3186 eum
566 3127 736 3202 permittit,
771 3127 875 3186 dicere
907 3127 973 3185 iam
1004 3142 1068 3186 non
1094 3129 1217 3201 potest:
1246 3128 1358 3203 „illum
1381 3130 1426 3189 la-

249 3245 361 3303 borem
388 3240 702 3316 perficiamus”.
728 3242 900 3300 Praeterea
922 3256 1037 3314 parurn
1062 3242 1226 3316 eleganter
1249 3243 1301 3302 hic
1324 3242 1427 3319 πειρή-

254 3363 347 3414 σασοε
372 3357 415 3426 (in
439 3353 642 3428 imperativo)
667 3355 700 3413 et
722 3351 894 3427 ἐκτελέωμεν
918 3355 961 3423 (in
985 3355 1090 3428 prima
1113 3371 1196 3430 pers
1218 3357 1426 3428 coniunctivi)

253 3471 363 3530 iuncta
386 3469 546 3528 videntur.
572 3468 769 3543 Quapropter
792 3467 942 3541 equidem
965 3470 1012 3528 sic
1035 3470 1186 3544 legerim:

497 3581 583 3652 τόςόυ
607 3580 800 3656 πειρήσασθε,
822 3575 868 3640 ἵν’
897 3580 1067 3659 ἐκτελέωμεν
1091 3581 1202 3642 ἄεθλον

257 3698 313 3770 „ut
332 3697 465 3756 tandem
485 3695 656 3769 aliquando
677 3695 716 3754 ad
736 3693 835 3754 tinem
856 3695 951 3755 istius
972 3697 1159 3755 certaminis
1178 3697 1426 3770 perveniamus:

254 3825 331 3869 nam
355 3811 503 3884 equidem
528 3808 687 3869 adfinem
714 3809 886 3882 perducere
910 3824 980 3868 rem
1003 3825 1169 3884 nunquam
1192 3811 1336 3884 potero.”

301 4035 363 4094 136
388 4050 435 4108 sq.
461 4035 627 4107 Sequitur:

475 4139 514 4216 ὧς
538 4145 652 4206 λειπὼν
676 4146 761 4219 τόξον
787 4142 840 4223 μὲν
864 4143 922 4206 αἰπὸ
946 4142 1000 4206 θέο
1020 4140 1110 4222 ’θῆκε
1132 4148 1240 4224 χαμᾶζε

475 4260 576 4332 κλίνας
600 4264 775 4343 κολλητῇσιν
799 4258 832 4319 ἐὺ
857 4261 970 4344 ξεστῇσι
994 4259 1118 4319 σανίσσι.

297 4379 367 4436 Non
388 4391 549 4449 concoquo
569 4375 630 4435 duo
650 4377 716 4435 ista
735 4376 830 4434 unius
850 4375 1046 4435 substantivi
1068 4377 1215 4449 apposita
1234 4378 1322 4437 nullo
1342 4379 1426 4438 inter

254 4507 289 4551 se
313 4492 423 4550 iuncta
447 4489 585 4549 vinculo.
610 4490 701 4550 Idem
725 4490 861 4549 recurrit
884 4506 932 4550 vs.
949 4482 1033 4549 Ι164.
