<?xml version="1.0" encoding="UTF-8"?>
<!DOCTYPE html PUBLIC "-//W3C//DTD XHTML 1.0 Transitional//EN"
    "http://www.w3.org/TR/xhtml1/DTD/xhtml1-transitional.dtd">
<html xmlns="http://www.w3.org/1999/xhtml" xml:lang="en" lang="en">
 <head>
  <title>
</title>
<meta http-equiv="Content-Type" content="text/html;charset=utf-8" />
  <meta name='ocr-system' content='tesseract 3.04.00' />
  <meta name='ocr-capabilities' content='ocr_page ocr_carea ocr_par ocr_line ocrx_word'/>
</head>
<body>
  <div class='ocr_page' id='page_1' title='image "./epistolacritica00costgoog_0020.png"; bbox 0 0 3270 5262; ppageno 0'>
   <div class='ocr_carea' id='block_1_1' title="bbox 778 649 816 706">
    <p class='ocr_par' dir='ltr' id='par_1_1' title="bbox 778 649 816 706">
     <span class='ocr_line' id='line_1_1' title="bbox 778 649 816 706; baseline 0 0"><span class='ocrx_word' id='word_1_1' title='bbox 778 649 816 706; x_wconf 85' lang='lat'>11</span> 
     </span>
    </p>
   </div>
   <div class='ocr_carea' id='block_1_2' title="bbox 194 831 1404 2160">
    <p class='ocr_par' dir='ltr' id='par_1_2' title="bbox 195 831 1381 1367">
     <span class='ocr_line' id='line_1_2' title="bbox 249 831 1381 911; baseline 0.002 -20"><span class='ocrx_word' id='word_1_2' title='bbox 249 833 515 894; x_wconf 81' lang='lat' dir='ltr'>obscurissimus</span> <span class='ocrx_word' id='word_1_3' title='bbox 534 836 721 895; x_wconf 80' lang='lat' dir='ltr'>etiamnunc</span> <span class='ocrx_word' id='word_1_4' title='bbox 740 838 791 896; x_wconf 89' lang='lat' dir='ltr'>est</span> <span class='ocrx_word' id='word_1_5' title='bbox 810 836 898 895; x_wconf 91' lang='lat' dir='ltr'>verbi</span> <span class='ocrx_word' id='word_1_6' title='bbox 919 831 1023 911; x_wconf 79' lang='grc' dir='ltr'><strong><em>σχέσθε</em></strong></span> <span class='ocrx_word' id='word_1_7' title='bbox 1042 851 1168 894; x_wconf 77' lang='lat' dir='ltr'>sensus,</span> <span class='ocrx_word' id='word_1_8' title='bbox 1190 835 1277 909; x_wconf 77' lang='lat' dir='ltr'>Quod</span> <span class='ocrx_word' id='word_1_9' title='bbox 1295 836 1381 895; x_wconf 88' lang='lat' dir='ltr'>enirn</span> 
     </span>
     <span class='ocr_line' id='line_1_3' title="bbox 197 947 1380 1023; baseline 0.003 -19"><span class='ocrx_word' id='word_1_10' title='bbox 197 947 390 1006; x_wconf 79' lang='lat' dir='ltr'>annotatis:</span> <span class='ocrx_word' id='word_1_11' title='bbox 426 948 591 1023; x_wconf 73' lang='lat' dir='ltr'>„desinite</span> <span class='ocrx_word' id='word_1_12' title='bbox 623 965 739 1023; x_wconf 84' lang='lat' dir='ltr'>nempe</span> <span class='ocrx_word' id='word_1_13' title='bbox 770 964 883 1023; x_wconf 90' lang='lat' dir='ltr'>procos</span> <span class='ocrx_word' id='word_1_14' title='bbox 914 949 1098 1008; x_wconf 87' lang='lat' dir='ltr'>incitare</span> <span class='ocrx_word' id='word_1_15' title='bbox 1130 948 1203 1017; x_wconf 82' lang='lat' dir='ltr'>(vid.</span> <span class='ocrx_word' id='word_1_16' title='bbox 1233 964 1280 1006; x_wconf 79' lang='lat' dir='ltr'>vs,</span> <span class='ocrx_word' id='word_1_17' title='bbox 1307 949 1380 1016; x_wconf 79' lang='lat'>74)”</span> 
     </span>
     <span class='ocr_line' id='line_1_4' title="bbox 196 1060 1381 1136; baseline 0.003 -19"><span class='ocrx_word' id='word_1_18' title='bbox 196 1060 233 1118; x_wconf 93' lang='lat' dir='ltr'>in</span> <span class='ocrx_word' id='word_1_19' title='bbox 259 1061 350 1120; x_wconf 91' lang='lat' dir='ltr'>hunc</span> <span class='ocrx_word' id='word_1_20' title='bbox 373 1061 481 1120; x_wconf 91' lang='lat' dir='ltr'>locum</span> <span class='ocrx_word' id='word_1_21' title='bbox 504 1063 660 1136; x_wconf 83' lang='lat' dir='ltr'>quadrare</span> <span class='ocrx_word' id='word_1_22' title='bbox 684 1078 748 1122; x_wconf 92' lang='lat' dir='ltr'>non</span> <span class='ocrx_word' id='word_1_23' title='bbox 771 1063 908 1122; x_wconf 89' lang='lat' dir='ltr'>videtur.</span> <span class='ocrx_word' id='word_1_24' title='bbox 932 1061 1061 1122; x_wconf 82' lang='lat' dir='ltr'>Etenim</span> <span class='ocrx_word' id='word_1_25' title='bbox 1085 1061 1149 1121; x_wconf 86' lang='lat' dir='ltr'>ista</span> <span class='ocrx_word' id='word_1_26' title='bbox 1172 1061 1281 1122; x_wconf 91' lang='lat' dir='ltr'>omnia</span> <span class='ocrx_word' id='word_1_27' title='bbox 1300 1077 1381 1134; x_wconf 90' lang='lat' dir='ltr'>quae</span> 
     </span>
     <span class='ocr_line' id='line_1_5' title="bbox 195 1176 403 1247; baseline 0.01 -15"><span class='ocrx_word' id='word_1_28' title='bbox 195 1176 403 1247; x_wconf 87' lang='lat' dir='ltr'>sequuntur:</span> 
     </span>
     <span class='ocr_line' id='line_1_6' title="bbox 474 1283 1235 1367; baseline 0 -19"><span class='ocrx_word' id='word_1_29' title='bbox 474 1288 500 1348; x_wconf 85' lang='grc' dir='ltr'>εί</span> <span class='ocrx_word' id='word_1_30' title='bbox 521 1288 562 1367; x_wconf 78' lang='grc' dir='ltr'>μή</span> <span class='ocrx_word' id='word_1_31' title='bbox 584 1289 644 1349; x_wconf 89' lang='grc' dir='ltr'><em>πού</em></span> <span class='ocrx_word' id='word_1_32' title='bbox 667 1312 693 1348; x_wconf 92' lang='grc' dir='ltr'>τι</span> <span class='ocrx_word' id='word_1_33' title='bbox 716 1287 812 1366; x_wconf 76' lang='grc' dir='ltr'><em>πατὴρ</em></span> <span class='ocrx_word' id='word_1_34' title='bbox 837 1286 915 1365; x_wconf 85' lang='grc' dir='ltr'><em>έμὸς,</em></span> <span class='ocrx_word' id='word_1_35' title='bbox 939 1286 1045 1360; x_wconf 76' lang='grc' dir='ltr'><em>ἐσθλὸς</em></span> <span class='ocrx_word' id='word_1_36' title='bbox 1065 1283 1235 1365; x_wconf 78' lang='grc' dir='ltr'><em>Ὀδυσσεύς,</em></span> 
     </span>
    </p>

    <p class='ocr_par' dir='ltr' id='par_1_3' title="bbox 386 1397 1135 1481">
     <span class='ocr_line' id='line_1_7' title="bbox 386 1397 1135 1481; baseline 0.003 -21"><span class='ocrx_word' id='word_1_37' title='bbox 386 1399 554 1479; x_wconf 78' lang='grc' dir='ltr'><em>δυσμενέων</em></span> <span class='ocrx_word' id='word_1_38' title='bbox 576 1397 642 1461; x_wconf 84' lang='grc' dir='ltr'>κάκ’</span> <span class='ocrx_word' id='word_1_39' title='bbox 670 1400 765 1480; x_wconf 77' lang='grc' dir='ltr'><strong><em>ἔρεξεν</em></strong></span> <span class='ocrx_word' id='word_1_40' title='bbox 789 1400 970 1480; x_wconf 79' lang='grc' dir='ltr'><strong><em>ἐυκνήμιδας</em></strong></span> <span class='ocrx_word' id='word_1_41' title='bbox 989 1397 1135 1481; x_wconf 83' lang='grc' dir='ltr'><em>Ἀχαιούς,</em></span> 
     </span>
    </p>

    <p class='ocr_par' dir='ltr' id='par_1_4' title="bbox 383 1509 1187 1595">
     <span class='ocr_line' id='line_1_8' title="bbox 383 1509 1187 1595; baseline 0.002 -22"><span class='ocrx_word' id='word_1_42' title='bbox 383 1523 441 1574; x_wconf 86' lang='grc' dir='ltr'>τῶν</span> <span class='ocrx_word' id='word_1_43' title='bbox 465 1509 491 1592; x_wconf 90' lang='grc' dir='ltr'>μ’</span> <span class='ocrx_word' id='word_1_44' title='bbox 517 1512 728 1592; x_wconf 79' lang='grc' dir='ltr'><em>ἀποτινύμενοι</em></span> <span class='ocrx_word' id='word_1_45' title='bbox 751 1514 828 1575; x_wconf 81' lang='grc' dir='ltr'><em>κακὰ</em></span> <span class='ocrx_word' id='word_1_46' title='bbox 851 1513 943 1595; x_wconf 78' lang='grc' dir='ltr'><em>ῥέζετε</em></span> <span class='ocrx_word' id='word_1_47' title='bbox 967 1513 1187 1592; x_wconf 79' lang='grc' dir='ltr'><em>δυσμενέοντες,</em></span> 
     </span>
    </p>

    <p class='ocr_par' dir='ltr' id='par_1_5' title="bbox 194 1625 1404 2160">
     <span class='ocr_line' id='line_1_9' title="bbox 382 1625 711 1708; baseline 0 -20"><span class='ocrx_word' id='word_1_48' title='bbox 382 1628 506 1701; x_wconf 84' lang='grc' dir='ltr'><em>τούτους</em></span> <span class='ocrx_word' id='word_1_49' title='bbox 529 1625 711 1708; x_wconf 83' lang='grc' dir='ltr'><em>ὀτρύνοντες.</em></span> 
     </span>
     <span class='ocr_line' id='line_1_10' title="bbox 194 1741 1381 1820; baseline -0.001 -17"><span class='ocrx_word' id='word_1_50' title='bbox 194 1759 278 1803; x_wconf 91' lang='lat' dir='ltr'>cum</span> <span class='ocrx_word' id='word_1_51' title='bbox 312 1757 332 1801; x_wconf 90' lang='lat' dir='ltr'>a</span> <span class='ocrx_word' id='word_1_52' title='bbox 363 1743 495 1802; x_wconf 86' lang='lat' dir='ltr'>vocibus</span> <span class='ocrx_word' id='word_1_53' title='bbox 526 1741 553 1802; x_wconf 83' lang='grc' dir='ltr'>εἰ</span> <span class='ocrx_word' id='word_1_54' title='bbox 582 1742 622 1820; x_wconf 70' lang='grc' dir='ltr'>μή</span> <span class='ocrx_word' id='word_1_55' title='bbox 654 1765 713 1802; x_wconf 84' lang='grc' dir='ltr'><em>που</em></span> <span class='ocrx_word' id='word_1_56' title='bbox 738 1744 947 1818; x_wconf 76' lang='lat' dir='ltr'>dependeant,</span> <span class='ocrx_word' id='word_1_57' title='bbox 972 1760 1041 1803; x_wconf 90' lang='lat' dir='ltr'>rem</span> <span class='ocrx_word' id='word_1_58' title='bbox 1066 1743 1251 1818; x_wconf 85' lang='lat' dir='ltr'>significant</span> <span class='ocrx_word' id='word_1_59' title='bbox 1274 1743 1381 1803; x_wconf 78' lang='lat' dir='ltr'>abstu-</span> 
     </span>
     <span class='ocr_line' id='line_1_11' title="bbox 195 1857 1404 1933; baseline 0.001 -18"><span class='ocrx_word' id='word_1_60' title='bbox 195 1858 279 1916; x_wconf 89' lang='lat' dir='ltr'>dam</span> <span class='ocrx_word' id='word_1_61' title='bbox 312 1871 458 1929; x_wconf 86' lang='lat' dir='ltr'>quaeque</span> <span class='ocrx_word' id='word_1_62' title='bbox 489 1872 566 1916; x_wconf 88' lang='lat' dir='ltr'>vera</span> <span class='ocrx_word' id='word_1_63' title='bbox 598 1873 669 1917; x_wconf 86' lang='lat' dir='ltr'>esse</span> <span class='ocrx_word' id='word_1_64' title='bbox 700 1859 855 1931; x_wconf 89' lang='lat' dir='ltr'>nequeat:</span> <span class='ocrx_word' id='word_1_65' title='bbox 883 1873 980 1933; x_wconf 82' lang='lat' dir='ltr'>„uam</span> <span class='ocrx_word' id='word_1_66' title='bbox 1004 1857 1089 1916; x_wconf 84' lang='lat' dir='ltr'>istud</span> <span class='ocrx_word' id='word_1_67' title='bbox 1115 1858 1243 1917; x_wconf 89' lang='lat' dir='ltr'>credere</span> <span class='ocrx_word' id='word_1_68' title='bbox 1267 1858 1341 1917; x_wconf 91' lang='lat' dir='ltr'>nolo</span> <span class='ocrx_word' id='word_1_69' title='bbox 1364 1873 1404 1931; x_wconf 19' lang='lat' dir='ltr'>a*</span> 
     </span>
     <span class='ocr_line' id='line_1_12' title="bbox 195 1970 1382 2047; baseline 0 -19"><span class='ocrx_word' id='word_1_70' title='bbox 195 1970 296 2030; x_wconf 87' lang='lat' dir='ltr'>vobis</span> <span class='ocrx_word' id='word_1_71' title='bbox 318 1970 351 2029; x_wconf 93' lang='lat' dir='ltr'>in</span> <span class='ocrx_word' id='word_1_72' title='bbox 372 1986 425 2029; x_wconf 92' lang='lat' dir='ltr'>me</span> <span class='ocrx_word' id='word_1_73' title='bbox 445 1971 574 2031; x_wconf 88' lang='lat' dir='ltr'>incitari</span> <span class='ocrx_word' id='word_1_74' title='bbox 593 1987 707 2046; x_wconf 86' lang='lat' dir='ltr'>procos</span> <span class='ocrx_word' id='word_1_75' title='bbox 726 1973 855 2047; x_wconf 88' lang='lat' dir='ltr'>propter</span> <span class='ocrx_word' id='word_1_76' title='bbox 874 1971 1002 2045; x_wconf 89' lang='lat' dir='ltr'>aliquod</span> <span class='ocrx_word' id='word_1_77' title='bbox 1021 1970 1123 2046; x_wconf 88' lang='lat' dir='ltr'>patris</span> <span class='ocrx_word' id='word_1_78' title='bbox 1143 1971 1208 2031; x_wconf 90' lang='lat' dir='ltr'>mei</span> <span class='ocrx_word' id='word_1_79' title='bbox 1228 1971 1382 2030; x_wconf 90' lang='lat' dir='ltr'>delictum</span> 
     </span>
     <span class='ocr_line' id='line_1_13' title="bbox 196 2085 724 2160; baseline 0.004 -17"><span class='ocrx_word' id='word_1_80' title='bbox 196 2100 345 2160; x_wconf 89' lang='lat' dir='ltr'>poenam</span> <span class='ocrx_word' id='word_1_81' title='bbox 369 2099 388 2143; x_wconf 85' lang='lat' dir='ltr'>a</span> <span class='ocrx_word' id='word_1_82' title='bbox 411 2101 464 2144; x_wconf 90' lang='lat' dir='ltr'>me</span> <span class='ocrx_word' id='word_1_83' title='bbox 488 2085 724 2145; x_wconf 88' lang='lat' dir='ltr'>sumentibus.”</span> 
     </span>
    </p>
   </div>
   <div class='ocr_carea' id='block_1_3' title="bbox 196 2309 1383 3410">
    <p class='ocr_par' dir='ltr' id='par_1_6' title="bbox 246 2309 1380 2387">
     <span class='ocr_line' id='line_1_14' title="bbox 246 2309 1380 2387; baseline -0.001 -17"><span class='ocrx_word' id='word_1_84' title='bbox 246 2312 288 2370; x_wconf 82' lang='lat'>77</span> <span class='ocrx_word' id='word_1_85' title='bbox 320 2327 368 2384; x_wconf 88' lang='lat' dir='ltr'>sq.</span> <span class='ocrx_word' id='word_1_86' title='bbox 397 2311 444 2386; x_wconf 78' lang='lat' dir='ltr'>„A</span> <span class='ocrx_word' id='word_1_87' title='bbox 468 2309 581 2371; x_wconf 90' lang='lat' dir='ltr'>vobis’&#39;</span> <span class='ocrx_word' id='word_1_88' title='bbox 607 2311 654 2371; x_wconf 92' lang='lat' dir='ltr'>sic</span> <span class='ocrx_word' id='word_1_89' title='bbox 677 2311 890 2372; x_wconf 82' lang='lat' dir='ltr'>Telemachus</span> <span class='ocrx_word' id='word_1_90' title='bbox 910 2313 1064 2387; x_wconf 90' lang='lat' dir='ltr'>populum</span> <span class='ocrx_word' id='word_1_91' title='bbox 1084 2312 1117 2372; x_wconf 92' lang='lat' dir='ltr'>in</span> <span class='ocrx_word' id='word_1_92' title='bbox 1138 2310 1286 2372; x_wconf 87' lang='lat' dir='ltr'>contione</span> <span class='ocrx_word' id='word_1_93' title='bbox 1307 2311 1380 2370; x_wconf 92' lang='lat' dir='ltr'>allo-</span> 
     </span>
    </p>

    <p class='ocr_par' dir='ltr' id='par_1_7' title="bbox 196 2427 1215 2730">
     <span class='ocr_line' id='line_1_15' title="bbox 196 2427 1016 2501; baseline 0.001 -16"><span class='ocrx_word' id='word_1_94' title='bbox 196 2427 313 2500; x_wconf 81' lang='lat' dir='ltr'>quitur</span> <span class='ocrx_word' id='word_1_95' title='bbox 340 2427 461 2500; x_wconf 82' lang='lat' dir='ltr'>„patris</span> <span class='ocrx_word' id='word_1_96' title='bbox 484 2427 549 2486; x_wconf 90' lang='lat' dir='ltr'>mei</span> <span class='ocrx_word' id='word_1_97' title='bbox 574 2442 650 2501; x_wconf 91' lang='lat' dir='ltr'>opes</span> <span class='ocrx_word' id='word_1_98' title='bbox 674 2427 838 2487; x_wconf 85' lang='lat' dir='ltr'>exhauriri</span> <span class='ocrx_word' id='word_1_99' title='bbox 861 2428 1016 2487; x_wconf 88' lang='lat' dir='ltr'>mallem&#39;&#39;</span> 
     </span>
     <span class='ocr_line' id='line_1_16' title="bbox 361 2537 1215 2622; baseline 0.002 -26"><span class='ocrx_word' id='word_1_100' title='bbox 361 2538 456 2618; x_wconf 83' lang='grc' dir='ltr'><em>τόφρα</em></span> <span class='ocrx_word' id='word_1_101' title='bbox 478 2561 510 2599; x_wconf 87' lang='grc' dir='ltr'>ιιε</span> <span class='ocrx_word' id='word_1_102' title='bbox 532 2537 588 2620; x_wconf 82' lang='grc' dir='ltr'>γὰρ</span> <span class='ocrx_word' id='word_1_103' title='bbox 611 2537 685 2598; x_wconf 83' lang='grc' dir='ltr'><em>κατὰ</em></span> <span class='ocrx_word' id='word_1_104' title='bbox 707 2539 803 2600; x_wconf 64' lang='grc' dir='ltr'><em>έάστυ</em></span> <span class='ocrx_word' id='word_1_105' title='bbox 827 2539 1100 2618; x_wconf 78' lang='grc' dir='ltr'><em>ποτιπτυσσοίμεθα</em></span> <span class='ocrx_word' id='word_1_106' title='bbox 1125 2540 1215 2622; x_wconf 81' lang='grc' dir='ltr'><em>μύθῳ</em></span> 
     </span>
     <span class='ocr_line' id='line_1_17' title="bbox 362 2646 1203 2730; baseline 0 -20"><span class='ocrx_word' id='word_1_107' title='bbox 362 2646 484 2730; x_wconf 82' lang='grc' dir='ltr'><em>χρήματ’</em></span> <span class='ocrx_word' id='word_1_108' title='bbox 510 2649 709 2724; x_wconf 81' lang='grc' dir='ltr'><em>ἀπαιτίζοντες</em></span> <span class='ocrx_word' id='word_1_109' title='bbox 732 2650 785 2724; x_wconf 75' lang='grc' dir='ltr'>ἕως</span> <span class='ocrx_word' id='word_1_110' title='bbox 812 2648 860 2726; x_wconf 84' lang='grc' dir='ltr'><strong>[κ’]</strong></span> <span class='ocrx_word' id='word_1_111' title='bbox 885 2651 944 2712; x_wconf 89' lang='grc' dir='ltr'><em>ἀπὸ</em></span> <span class='ocrx_word' id='word_1_112' title='bbox 967 2652 1064 2712; x_wconf 78' lang='grc' dir='ltr'><em>πάντα</em></span> <span class='ocrx_word' id='word_1_113' title='bbox 1089 2651 1203 2729; x_wconf 75' lang='grc' dir='ltr'><em>δοθείη.</em></span> 
     </span>
    </p>

    <p class='ocr_par' dir='ltr' id='par_1_8' title="bbox 197 2757 1383 3410">
     <span class='ocr_line' id='line_1_18' title="bbox 247 2757 1382 2843; baseline -0.003 -16"><span class='ocrx_word' id='word_1_114' title='bbox 247 2768 311 2827; x_wconf 88' lang='lat' dir='ltr'>Pro</span> <span class='ocrx_word' id='word_1_115' title='bbox 339 2761 536 2838; x_wconf 80' lang='grc' dir='ltr'><em>ἀπαιτίζοντες</em></span> <span class='ocrx_word' id='word_1_116' title='bbox 560 2763 613 2837; x_wconf 63' lang='lat' dir='ltr'>teg</span> <span class='ocrx_word' id='word_1_117' title='bbox 638 2767 750 2827; x_wconf 86' lang='lat' dir='ltr'>editis:</span> <span class='ocrx_word' id='word_1_118' title='bbox 775 2761 957 2838; x_wconf 73' lang='grc' dir='ltr'><em>ἀπαιτίζονθ</em></span> <span class='ocrx_word' id='word_1_119' title='bbox 984 2757 1046 2843; x_wconf 74' lang='grc' dir='ltr'><em>ἧος.</em></span> <span class='ocrx_word' id='word_1_120' title='bbox 1071 2767 1116 2826; x_wconf 79' lang='lat' dir='ltr'>At</span> <span class='ocrx_word' id='word_1_121' title='bbox 1139 2782 1197 2840; x_wconf 84' lang='lat' dir='ltr'>ego</span> <span class='ocrx_word' id='word_1_122' title='bbox 1221 2767 1253 2824; x_wconf 85' lang='lat' dir='ltr'>ii]</span> <span class='ocrx_word' id='word_1_123' title='bbox 1277 2767 1382 2825; x_wconf 79' lang='lat' dir='ltr'>forma</span> 
     </span>
     <span class='ocr_line' id='line_1_19' title="bbox 197 2879 1381 2954; baseline -0.004 -12"><span class='ocrx_word' id='word_1_124' title='bbox 197 2881 256 2952; x_wconf 77' lang='grc' dir='ltr'>ἕως</span> <span class='ocrx_word' id='word_1_125' title='bbox 289 2881 559 2954; x_wconf 88' lang='lat' dir='ltr'>acquiescendum</span> <span class='ocrx_word' id='word_1_126' title='bbox 593 2895 708 2941; x_wconf 89' lang='lat' dir='ltr'>censeo</span> <span class='ocrx_word' id='word_1_127' title='bbox 731 2882 838 2954; x_wconf 86' lang='lat' dir='ltr'>potius</span> <span class='ocrx_word' id='word_1_128' title='bbox 862 2897 961 2954; x_wconf 86' lang='lat' dir='ltr'>quarn</span> <span class='ocrx_word' id='word_1_129' title='bbox 985 2881 1218 2940; x_wconf 90' lang='lat' dir='ltr'>Telemachum</span> <span class='ocrx_word' id='word_1_130' title='bbox 1242 2879 1381 2938; x_wconf 90' lang='lat' dir='ltr'>introdu-</span> 
     </span>
     <span class='ocr_line' id='line_1_20' title="bbox 199 2993 1383 3069; baseline -0.004 -12"><span class='ocrx_word' id='word_1_131' title='bbox 199 3011 319 3057; x_wconf 85' lang='lat' dir='ltr'>camus</span> <span class='ocrx_word' id='word_1_132' title='bbox 362 3009 450 3053; x_wconf 91' lang='lat' dir='ltr'>cum</span> <span class='ocrx_word' id='word_1_133' title='bbox 494 2996 627 3054; x_wconf 90' lang='lat' dir='ltr'>matre</span> <span class='ocrx_word' id='word_1_134' title='bbox 666 3011 721 3069; x_wconf 88' lang='lat' dir='ltr'>per</span> <span class='ocrx_word' id='word_1_135' title='bbox 764 2994 905 3053; x_wconf 88' lang='lat' dir='ltr'>insulam</span> <span class='ocrx_word' id='word_1_136' title='bbox 950 2996 1134 3053; x_wconf 89' lang='lat' dir='ltr'>currentem</span> <span class='ocrx_word' id='word_1_137' title='bbox 1175 2993 1383 3066; x_wconf 84' lang='lat' dir='ltr'>singulosque</span> 
     </span>
     <span class='ocr_line' id='line_1_21' title="bbox 198 3106 1383 3182; baseline -0.005 -12"><span class='ocrx_word' id='word_1_138' title='bbox 198 3109 380 3170; x_wconf 84' lang='lat' dir='ltr'>adeuntem</span> <span class='ocrx_word' id='word_1_139' title='bbox 421 3108 543 3169; x_wconf 88' lang='lat' dir='ltr'>incolas</span> <span class='ocrx_word' id='word_1_140' title='bbox 581 3110 619 3167; x_wconf 89' lang='lat' dir='ltr'>ut</span> <span class='ocrx_word' id='word_1_141' title='bbox 660 3109 693 3167; x_wconf 93' lang='lat' dir='ltr'>in</span> <span class='ocrx_word' id='word_1_142' title='bbox 735 3109 897 3182; x_wconf 87' lang='lat' dir='ltr'>integrum</span> <span class='ocrx_word' id='word_1_143' title='bbox 933 3107 1134 3167; x_wconf 86' lang='lat' dir='ltr'>restituatur.</span> <span class='ocrx_word' id='word_1_144' title='bbox 1170 3106 1383 3165; x_wconf 84' lang='lat' dir='ltr'>Telemachus</span> 
     </span>
     <span class='ocr_line' id='line_1_22' title="bbox 197 3218 1382 3299; baseline -0.003 -17"><span class='ocrx_word' id='word_1_145' title='bbox 197 3229 373 3298; x_wconf 78' lang='grc' dir='ltr'><em>προσαιτῶν</em></span> <span class='ocrx_word' id='word_1_146' title='bbox 407 3225 538 3299; x_wconf 73' lang='grc' dir='ltr'><em>λιπαρῶν</em></span> <span class='ocrx_word' id='word_1_147' title='bbox 569 3243 607 3296; x_wconf 77' lang='grc' dir='ltr'>τε,</span> <span class='ocrx_word' id='word_1_148' title='bbox 639 3224 672 3282; x_wconf 72' lang='lat' dir='ltr'>et</span> <span class='ocrx_word' id='word_1_149' title='bbox 703 3219 811 3292; x_wconf 74' lang='grc' dir='ltr'><em>ἐλεινὸς</em></span> <span class='ocrx_word' id='word_1_150' title='bbox 842 3218 891 3279; x_wconf 82' lang='grc' dir='ltr'>καὶ</span> <span class='ocrx_word' id='word_1_151' title='bbox 922 3221 1035 3298; x_wconf 82' lang='grc' dir='ltr'><em>πτωχός</em></span> <span class='ocrx_word' id='word_1_152' title='bbox 1069 3221 1217 3295; x_wconf 80' lang='lat' dir='ltr'>Euripide</span> <span class='ocrx_word' id='word_1_153' title='bbox 1249 3219 1382 3294; x_wconf 84' lang='lat' dir='ltr'>dignum</span> 
     </span>
     <span class='ocr_line' id='line_1_23' title="bbox 200 3331 1151 3410; baseline -0.003 -13"><span class='ocrx_word' id='word_1_154' title='bbox 200 3337 378 3397; x_wconf 90' lang='lat' dir='ltr'>inventum</span> <span class='ocrx_word' id='word_1_155' title='bbox 402 3336 455 3410; x_wconf 86' lang='lat' dir='ltr'>sit,</span> <span class='ocrx_word' id='word_1_156' title='bbox 481 3352 544 3396; x_wconf 91' lang='lat' dir='ltr'>non</span> <span class='ocrx_word' id='word_1_157' title='bbox 568 3338 619 3396; x_wconf 88' lang='lat' dir='ltr'>est</span> <span class='ocrx_word' id='word_1_158' title='bbox 642 3336 776 3410; x_wconf 87' lang='lat' dir='ltr'>dignum</span> <span class='ocrx_word' id='word_1_159' title='bbox 799 3331 930 3395; x_wconf 81' lang='lat' dir='ltr'>vetusto</span> <span class='ocrx_word' id='word_1_160' title='bbox 953 3336 1029 3394; x_wconf 89' lang='lat' dir='ltr'>vate</span> <span class='ocrx_word' id='word_1_161' title='bbox 1054 3335 1151 3409; x_wconf 90' lang='lat' dir='ltr'>epico.</span> 
     </span>
    </p>
   </div>
   <div class='ocr_carea' id='block_1_4' title="bbox 249 3562 1216 3868">
    <p class='ocr_par' dir='ltr' id='par_1_9' title="bbox 249 3562 1216 3868">
     <span class='ocr_line' id='line_1_24' title="bbox 249 3562 1216 3638; baseline -0.002 -15"><span class='ocrx_word' id='word_1_162' title='bbox 249 3565 315 3623; x_wconf 85' lang='lat'>146</span> <span class='ocrx_word' id='word_1_163' title='bbox 340 3579 408 3637; x_wconf 86' lang='lat' dir='ltr'>sqq.</span> <span class='ocrx_word' id='word_1_164' title='bbox 433 3565 610 3638; x_wconf 86' lang='lat' dir='ltr'>Postquam</span> <span class='ocrx_word' id='word_1_165' title='bbox 634 3563 759 3623; x_wconf 90' lang='lat' dir='ltr'>dicendi</span> <span class='ocrx_word' id='word_1_166' title='bbox 782 3562 881 3623; x_wconf 87' lang='lat' dir='ltr'>finem</span> <span class='ocrx_word' id='word_1_167' title='bbox 904 3563 981 3624; x_wconf 88' lang='lat' dir='ltr'>fecit</span> <span class='ocrx_word' id='word_1_168' title='bbox 1004 3563 1216 3623; x_wconf 84' lang='lat' dir='ltr'>Telemachus</span> 
     </span>
     <span class='ocr_line' id='line_1_25' title="bbox 689 3671 1173 3760; baseline -0.002 -25"><span class='ocrx_word' id='word_1_169' title='bbox 689 3686 727 3760; x_wconf 74' lang='grc' dir='ltr'>τῷ</span> <span class='ocrx_word' id='word_1_170' title='bbox 752 3671 779 3735; x_wconf 85' lang='grc' dir='ltr'>δ’</span> <span class='ocrx_word' id='word_1_171' title='bbox 807 3673 893 3740; x_wconf 83' lang='grc' dir='ltr'><em>αἰετὼ</em></span> <span class='ocrx_word' id='word_1_172' title='bbox 917 3674 1074 3753; x_wconf 62' lang='grc' dir='ltr'><em>εύρύέοπα</em></span> <span class='ocrx_word' id='word_1_173' title='bbox 1099 3675 1173 3747; x_wconf 86' lang='grc' dir='ltr'><em>Ζεὺς</em></span> 
     </span>
     <span class='ocr_line' id='line_1_26' title="bbox 405 3784 1168 3868; baseline -0.003 -20"><span class='ocrx_word' id='word_1_174' title='bbox 405 3787 525 3864; x_wconf 83' lang='grc' dir='ltr'><em>ὑψόθεν</em></span> <span class='ocrx_word' id='word_1_175' title='bbox 550 3786 582 3848; x_wconf 80' lang='grc' dir='ltr'>ἐκ</span> <span class='ocrx_word' id='word_1_176' title='bbox 605 3797 740 3868; x_wconf 78' lang='grc' dir='ltr'><em>κορυφῆς</em></span> <span class='ocrx_word' id='word_1_177' title='bbox 765 3785 847 3867; x_wconf 80' lang='grc' dir='ltr'><em>ὄρεος</em></span> <span class='ocrx_word' id='word_1_178' title='bbox 870 3785 996 3866; x_wconf 80' lang='grc' dir='ltr'><em>προέηκε</em></span> <span class='ocrx_word' id='word_1_179' title='bbox 1020 3784 1168 3847; x_wconf 86' lang='grc' dir='ltr'><em>πέτεσθαι.</em></span> 
     </span>
    </p>
   </div>
   <div class='ocr_carea' id='block_1_5' title="bbox 402 3897 1231 3986">
    <p class='ocr_par' dir='ltr' id='par_1_10' title="bbox 402 3897 1231 3986">
     <span class='ocr_line' id='line_1_27' title="bbox 402 3897 1231 3986; baseline -0.002 -24"><span class='ocrx_word' id='word_1_180' title='bbox 402 3900 440 3962; x_wconf 85' lang='grc' dir='ltr'>τὼ</span> <span class='ocrx_word' id='word_1_181' title='bbox 465 3898 553 3975; x_wconf 74' lang='grc' dir='ltr'><em>δ’έως</em></span> <span class='ocrx_word' id='word_1_182' title='bbox 577 3901 631 3980; x_wconf 87' lang='grc' dir='ltr'>μέν</span> <span class='ocrx_word' id='word_1_183' title='bbox 656 3897 683 3981; x_wconf 80' lang='grc' dir='ltr'>ῥ’</span> <span class='ocrx_word' id='word_1_184' title='bbox 710 3899 845 3963; x_wconf 79' lang='grc' dir='ltr'><em>ἐπέτοντο</em></span> <span class='ocrx_word' id='word_1_185' title='bbox 868 3901 929 3979; x_wconf 83' lang='grc' dir='ltr'>ἀμα</span> <span class='ocrx_word' id='word_1_186' title='bbox 952 3897 1071 3986; x_wconf 73' lang='grc' dir='ltr'><em>πνοιῇσ’</em></span> <span class='ocrx_word' id='word_1_187' title='bbox 1100 3899 1231 3979; x_wconf 83' lang='grc' dir='ltr'><em>ἀνέμοιο,</em></span> 
     </span>
    </p>
   </div>
   <div class='ocr_carea' id='block_1_6' title="bbox 198 4012 1379 4558">
    <p class='ocr_par' dir='ltr' id='par_1_11' title="bbox 198 4012 1379 4558">
     <span class='ocr_line' id='line_1_28' title="bbox 404 4012 1112 4096; baseline -0.001 -21"><span class='ocrx_word' id='word_1_188' title='bbox 404 4017 518 4093; x_wconf 79' lang='grc' dir='ltr'><em>πλησίω</em></span> <span class='ocrx_word' id='word_1_189' title='bbox 541 4014 692 4094; x_wconf 74' lang='grc' dir='ltr'><em>ἀλλήλοισι</em></span> <span class='ocrx_word' id='word_1_190' title='bbox 715 4012 905 4092; x_wconf 86' lang='grc' dir='ltr'><em>τιταινομένω</em></span> <span class='ocrx_word' id='word_1_191' title='bbox 929 4016 1112 4096; x_wconf 77' lang='grc' dir='ltr'><em>πτερύγεσσι·</em></span> 
     </span>
     <span class='ocr_line' id='line_1_29' title="bbox 404 4125 614 4190; baseline 0.01 -2"><span class='ocrx_word' id='word_1_192' title='bbox 404 4125 461 4190; x_wconf 77' lang='grc' dir='ltr'><em>ἀλλ’</em></span> <span class='ocrx_word' id='word_1_193' title='bbox 490 4129 535 4190; x_wconf 80' lang='grc' dir='ltr'>ὅτε</span> <span class='ocrx_word' id='word_1_194' title='bbox 558 4127 614 4190; x_wconf 85' lang='grc' dir='ltr'><em>τιτέ.</em></span> 
     </span>
     <span class='ocr_line' id='line_1_30' title="bbox 246 4239 1376 4319; baseline 0.001 -17"><span class='ocrx_word' id='word_1_195' title='bbox 246 4245 412 4318; x_wconf 84' lang='lat' dir='ltr'>ingratam</span> <span class='ocrx_word' id='word_1_196' title='bbox 457 4262 528 4304; x_wconf 90' lang='lat' dir='ltr'>esse</span> <span class='ocrx_word' id='word_1_197' title='bbox 564 4244 712 4304; x_wconf 90' lang='lat' dir='ltr'>vocabuli</span> <span class='ocrx_word' id='word_1_198' title='bbox 747 4239 801 4314; x_wconf 75' lang='grc' dir='ltr'>ἕως</span> <span class='ocrx_word' id='word_1_199' title='bbox 839 4245 1017 4318; x_wconf 80' lang='lat' dir='ltr'>synizesim</span> <span class='ocrx_word' id='word_1_200' title='bbox 1055 4244 1191 4304; x_wconf 90' lang='lat' dir='ltr'>libenter</span> <span class='ocrx_word' id='word_1_201' title='bbox 1230 4243 1376 4319; x_wconf 86' lang='lat' dir='ltr'>concedo,</span> 
     </span>
     <span class='ocr_line' id='line_1_31' title="bbox 198 4353 1379 4432; baseline -0.001 -15"><span class='ocrx_word' id='word_1_202' title='bbox 198 4372 306 4429; x_wconf 91' lang='lat' dir='ltr'>neque</span> <span class='ocrx_word' id='word_1_203' title='bbox 336 4353 390 4428; x_wconf 79' lang='grc' dir='ltr'>ἕως</span> <span class='ocrx_word' id='word_1_204' title='bbox 422 4359 508 4418; x_wconf 87' lang='lat' dir='ltr'>idern</span> <span class='ocrx_word' id='word_1_205' title='bbox 541 4359 624 4432; x_wconf 91' lang='lat' dir='ltr'>quod</span> <span class='ocrx_word' id='word_1_206' title='bbox 655 4353 724 4427; x_wconf 82' lang='grc' dir='ltr'><em>τέως</em></span> <span class='ocrx_word' id='word_1_207' title='bbox 756 4358 865 4417; x_wconf 87' lang='lat' dir='ltr'>valere</span> <span class='ocrx_word' id='word_1_208' title='bbox 889 4355 983 4432; x_wconf 81' lang='lat' dir='ltr'>posse</span> <span class='ocrx_word' id='word_1_209' title='bbox 1007 4357 1156 4431; x_wconf 89' lang='lat' dir='ltr'>equidem</span> <span class='ocrx_word' id='word_1_210' title='bbox 1180 4356 1379 4416; x_wconf 86' lang='lat' dir='ltr'>crediderim.</span> 
     </span>
     <span class='ocr_line' id='line_1_32' title="bbox 202 4469 1379 4558; baseline -0.002 -26"><span class='ocrx_word' id='word_1_211' title='bbox 202 4472 355 4532; x_wconf 85' lang='lat' dir='ltr'>Praestat</span> <span class='ocrx_word' id='word_1_212' title='bbox 386 4473 497 4532; x_wconf 89' lang='lat' dir='ltr'>tamen</span> <span class='ocrx_word' id='word_1_213' title='bbox 529 4473 664 4531; x_wconf 90' lang='lat' dir='ltr'>vulnera</span> <span class='ocrx_word' id='word_1_214' title='bbox 695 4471 751 4530; x_wconf 92' lang='lat' dir='ltr'>illa</span> <span class='ocrx_word' id='word_1_215' title='bbox 782 4486 846 4530; x_wconf 90' lang='lat' dir='ltr'>non</span> <span class='ocrx_word' id='word_1_216' title='bbox 869 4473 1001 4546; x_wconf 86' lang='lat' dir='ltr'>tangere</span> <span class='ocrx_word' id='word_1_217' title='bbox 1026 4469 1123 4558; x_wconf 83' lang='lat' dir='ltr'>quarn</span> <span class='ocrx_word' id='word_1_218' title='bbox 1147 4469 1305 4530; x_wconf 88' lang='lat' dir='ltr'>eiusmodi</span> <span class='ocrx_word' id='word_1_219' title='bbox 1329 4470 1379 4530; x_wconf 95' lang='lat' dir='ltr'>ad-</span> 
     </span>
    </p>
   </div>
   <div class='ocr_carea' id='block_1_7' title="bbox 0 0 1646 5262">
    <p class='ocr_par' dir='ltr' id='par_1_12' title="bbox 0 0 1646 5262">
     <span class='ocr_line' id='line_1_33' title="bbox 0 0 1646 5262; baseline 0 0"><span class='ocrx_word' id='word_1_220' title='bbox 0 0 1646 5262; x_wconf 95' lang='lat' dir='ltr'> </span> 
     </span>
    </p>
   </div>
  </div>
 </body>
</html>
