3310 5262
614 1597 872 1707 niune
916 1597 1077 1705 mn

299 2038 340 2096 24
364 2053 411 2110 sq.
437 2037 570 2111 Cognito
601 2037 785 2098 Telemachi
817 2040 949 2099 consilio
973 2040 1011 2098 de
1035 2040 1136 2114 patris
1161 2039 1262 2098 armis
1286 2040 1319 2099 in
1343 2040 1425 2098 cubi-

256 2151 365 2209 culum
403 2151 635 2210 transferendis
669 2152 811 2227 primum
853 2153 964 2211 laudat
1004 2168 1079 2211 eum
1113 2152 1278 2228 Euryclea,
1314 2153 1428 2212 deinde

255 2267 363 2339 rogat:

411 2371 469 2435 ἀλλ’
496 2373 558 2456 ἄγε,
581 2377 622 2448 τίς
648 2399 692 2436 τοι
716 2375 813 2436 ἔπειτα
837 2375 1029 2456 μετερχομένη
1053 2378 1131 2454 φάος
1155 2378 1244 2452 οἴσεις

412 2488 510 2574 δμῳὰς
536 2485 563 2548 δ’
592 2489 647 2550 οὐκ
674 2490 734 2562 εἴας
758 2487 1002 2570 προβλωσκέμεν,
1025 2491 1061 2550 αἴ
1078 2514 1128 2551 κεν
1152 2490 1285 2569 ἔφαινον.

300 2605 352 2663 Sic
382 2619 441 2664 vos
471 2605 576 2678 priore
606 2620 703 2664 versu
733 2602 925 2682 μετερχομένη
956 2622 1013 2680 pro
1044 2603 1242 2683 μετοιχομένη.
1265 2608 1331 2682 Ego
1355 2624 1428 2667 neu-

255 2721 341 2778 trum
377 2718 531 2793 intelligo.
563 2719 647 2778 Nam
680 2721 704 2776 Z
736 2720 787 2795 86,
820 2720 860 2778 ad
890 2735 987 2793 quem
1014 2719 1121 2779 locum
1144 2723 1336 2797 provocantia,
1361 2723 1428 2781 tan·

254 2833 423 2892 tummodo
459 2833 584 2892 eundi
621 2848 720 2891 sensu
754 2833 898 2907 positum
933 2835 991 2893 est.
1027 2835 1079 2893 An
1113 2835 1223 2893 nostro
1257 2834 1326 2894 Ιοοο
1363 2834 1429 2894 fere

254 2947 375 3019 sequi
409 2944 606 3021 significabit
641 2947 674 3004 et
718 2962 822 3020 pone
857 2946 1042 3020 aliquem
1076 2948 1164 3006 ire?
1200 2947 1322 3022 Quaero
1355 2964 1429 3023 ergo

254 3061 386 3120 ubinam
421 3060 630 3135 potissimum
664 3060 787 3119 lumine
822 3060 876 3120 illo
908 3075 987 3134 opus
1018 3061 1071 3120 sit.
1103 3061 1174 3121 Non
1198 3058 1229 3120 ἐν
1252 3071 1291 3144 τῷ
1315 3059 1430 3144 μεγάρῳ

255 3175 338 3247 quod
361 3174 484 3234 facibus
516 3173 706 3249 illustratur,
739 3175 795 3233 sed
826 3174 968 3248 primum
1002 3175 1036 3232 in
1067 3175 1221 3250 cubiculo,
1254 3175 1307 3233 ubi
1340 3191 1432 3234 arma

254 3289 331 3347 sunt
365 3287 560 3362 deponenda,
593 3287 706 3347 deinde
737 3287 770 3345 in
800 3288 854 3346 via
885 3303 966 3361 quae
997 3288 1080 3346 inter
1107 3288 1168 3347 hoc
1191 3289 1223 3347 et
1247 3285 1278 3347 rt
1303 3286 1431 3367 μέγαρον

256 3402 315 3460 est.
340 3400 422 3474 Ergo
446 3400 658 3474 praeferri
681 3401 792 3460 lumen
817 3402 952 3477 oportet,
977 3401 1061 3474 quod
1092 3402 1124 3460 et
1147 3416 1226 3460 mox
1253 3402 1432 3462 Minervam

255 3513 360 3573 facere
384 3514 540 3588 legimus:

775 3626 904 3706 πάροιθε
929 3622 960 3685 δὲ
985 3624 1103 3697 Παλλὰς
1128 3624 1240 3704 Ἀθήνη

431 3740 556 3818 χρύσεον
579 3741 688 3819 λύχνον
713 3738 820 3819 ἔχουσα
844 3738 921 3815 φάος
946 3735 1115 3818 περικαλλὲς
1139 3737 1238 3798 ἐποίει,

300 3971 341 4028 31
367 3985 414 4042 sq.
451 3969 635 4043 Respondet
666 3968 879 4028 Telemachus
910 3967 1047 4042 hospitis
1078 3967 1155 4026 illud
1187 3983 1259 4027 esse
1287 3969 1431 4029 ministe-

254 4083 356 4156 rium;
389 4098 450 4155 quo
483 4083 591 4142 audito
622 4082 778 4155 Euryclea
809 4081 875 4140 abit
908 4082 949 4156 et,
982 4083 1019 4139 ut
1043 4081 1131 4140 iussa
1156 4082 1214 4157 est,
1241 4082 1375 4141 ancillas
1399 4083 1432 4141 in

254 4213 312 4256 sue
337 4196 399 4255 sibi
423 4196 568 4255 conclavi
592 4195 761 4255 concludit.
788 4195 954 4269 Sequitur:

431 4305 470 4367 τὼ
494 4303 522 4367 δ’
550 4303 592 4386 ἄρ’
619 4303 769 4381 ἀναΐξαντ’
794 4302 934 4378 Ὀδασὲνς
958 4303 1008 4366 καὶ
1031 4306 1174 4385 φαίδιμος
1198 4307 1262 4380 υἱὸς

433 4420 576 4501 ἐσφόρεον
601 4421 733 4501 κόρυθάς
758 4444 786 4480 τε
811 4420 859 4480 καὶ
884 4419 1011 4493 ἀσπίδας
1035 4416 1249 4497 ὀμφαλοέσσας.
