3310 5262
653 1463 908 1574 nlssuu
952 1464 1082 1573 XX.

338 1935 378 1994 14
399 1951 446 2009 sq.
493 1931 532 2006 ὡς
557 1929 589 1994 δὲ
610 1935 693 1995 κύιυν
716 1931 844 2019 ἀμαλῇσι
867 1931 934 2012 περὶ
957 1930 1131 1993 σκυλάκεσσι
1154 1933 1263 2011 βιβᾶσα

491 2043 571 2125 ἄνδρ’
598 2043 767 2126 άγνοιήσαά
794 2046 876 2107 ὑλάει
910 2044 1088 2125 μέμονέντε
1112 2046 1266 2124 μάχεσθαι.

336 2162 441 2222 Sicine
472 2163 534 2223 dici
564 2164 672 2236 potest
699 2157 778 2239 ἄνδρ’
805 2159 988 2240 ἀγαπήσασα
1014 2162 1075 2220 hoc
1098 2176 1213 2220 sensu:
1241 2160 1369 2234 „ignoto
1393 2159 1467 2219 viro

292 2276 508 2350 conspecto”?
544 2275 625 2350 Quid
659 2291 734 2349 ergo
769 2275 835 2334 iam
865 2290 929 2334 non
959 2275 1059 2334 licet?
1089 2274 1129 2334 Et
1152 2289 1250 2347 quam
1273 2274 1390 2332 durum
1415 2276 1469 2332 est

292 2405 454 2464 quamque
478 2391 609 2449 auribus
632 2389 796 2463 ingratum
819 2388 906 2448 istud
929 2387 1092 2465 βιβᾶσα
1116 2380 1197 2465 ἄνδρ’
1227 2383 1420 2466 ἀγνοιήσασα.

338 2590 379 2675 52
404 2631 451 2690 sq.
487 2615 572 2675 Dum
607 2615 640 2674 iu
674 2615 758 2674 lecto
793 2614 877 2674 iacet
910 2614 1047 2688 ulysses
1081 2629 1141 2674 nec
1171 2630 1324 2674 somnum
1351 2630 1467 2689 capere

292 2731 408 2806 potest,
433 2730 542 2789 adstat
565 2729 594 2788 ei
618 2729 762 2789 Minerva
784 2743 882 2802 seque
906 2728 935 2787 ei
958 2728 992 2787 in
1015 2728 1134 2802 proelio
1155 2743 1230 2788 cum
1250 2728 1356 2803 procis
1376 2728 1465 2787 adfu-

293 2844 401 2901 turam
426 2841 605 2902 conflrmat.
630 2842 713 2902 Tum
737 2843 842 2902 addit:

471 2950 529 3015 ἀλλ’
555 2952 639 3016 ἑλέτω
664 2971 695 3016 σε
718 2953 768 3016 καὶ
790 2955 895 3028 ύπνος·
919 2952 989 3034 ἀνίη
1012 2953 1116 3015 καὶτὸ
1145 2954 1308 3032 φυλάσσειν

470 3068 623 3148 πάννυχον
646 3067 835 3149 ἐγρήσσοντα,
856 3078 957 3129 κακῶν
981 3065 1007 3129 δ’
1034 3067 1199 3130 ὑποδύσεαι
1222 3066 1290 3148 ἤδη.

338 3182 527 3243 Annotatis:
563 3181 746 3259 „inciderat
777 3199 992 3261 emergeS,¹
1012 3185 1221 3245 subduces
1252 3185 1324 3244 te.’'
1355 3184 1467 3258 Nequc

294 3296 377 3356 hanc
400 3297 466 3356 fere
489 3297 585 3357 huius
609 3313 681 3357 esse
704 3298 793 3357 verbi
812 3298 881 3357 vim
904 3295 1032 3358 infitior.
1062 3297 1140 3358 Sed:
1168 3300 1222 3372 „at
1240 3298 1466 3359 dormiendum

294 3425 419 3484 quoque
453 3411 512 3471 tibi
547 3413 605 3487 est,
642 3426 721 3471 mox
752 3427 769 3471 e
799 3411 896 3470 malis
931 3413 1099 3486 emerges”
1130 3397 1239 3471 nescio
1270 3412 1345 3485 quid
1367 3411 1468 3472 habet

295 3526 441 3585 absurdi:
477 3525 566 3599 iungi
599 3525 651 3584 hic
685 3525 767 3584 duae
797 3541 849 3585 res
880 3526 1029 3586 videntur
1059 3525 1143 3584 inter
1167 3539 1247 3598 quas
1270 3524 1359 3584 nulla
1382 3524 1466 3584 ratio

294 3639 481 3699 intercedat.
512 3638 671 3714 Exspecto
702 3639 785 3698 fere:
823 3654 929 3714 „nunc
959 3639 1072 3714 dormi,
1105 3654 1184 3697 mox
1211 3639 1314 3699 aderit
1335 3641 1467 3713 tempus

294 3753 444 3812 laboris”.
479 3752 558 3812 Vide
593 3768 674 3826 quae
705 3753 744 3812 de
774 3752 891 3812 futuris
922 3754 996 3827 post
1026 3753 1235 3827 imperativus
1259 3752 1402 3813 diximus
1426 3753 1467 3812 ad

294 3888 313 3923 α
339 3866 412 3925 124.

340 4096 387 4154 91ι
413 4110 482 4168 sqq.
513 4094 598 4156 Dum
625 4094 744 4154 dormit
765 4093 903 4168 Ulysses
925 4095 1122 4156 lamentatur
1144 4096 1302 4181 Penelope
1326 4096 1358 4155 in
1381 4111 1466 4156 som-

295 4208 349 4268 nio
370 4203 543 4282 *conspecto
567 4207 686 4282 Ulysse
709 4223 821 4269 secum
844 4209 991 4269 cubante.
1016 4209 1183 4282 Sequitur:

473 4311 512 4393 ὧς
536 4316 627 4398 ἔφατ’·
650 4319 755 4380 αὐτίκα
779 4317 811 4381 δὲ
834 4321 1037 4400 χρυσόθρονος
1060 4317 1174 4399 ἤλυθεν
1194 4316 1280 4395 Ἠώς.

473 4441 525 4512 τῆς
549 4427 577 4492 δ’
603 4431 661 4512 άρα
683 4434 844 4512 κλαιούσης
866 4434 948 4495 λῗόπα
972 4435 1099 4495 σύνθετο
1123 4435 1186 4507 δῖος
1205 4429 1373 4508 Ὀδυσσεύς.
