3310 5262
756 604 817 662 119

193 790 270 848 runt
296 789 479 848 Homerica.
504 790 554 849 Ita
577 788 795 850 Kirchhoffius
819 802 844 866 ψ
869 791 931 850 293
956 805 1024 864 sqq.
1050 791 1103 850 ubi
1127 806 1212 851 nunc
1235 790 1369 864 legitur:

289 993 296 1006 .
349 905 443 963 τοῖσιν
466 897 495 964 δ’
523 902 689 983 Εὐρονόμη
712 903 927 981 θαλαμηπόλος
953 899 1112 984 ἡγεμόνευε

350 1013 530 1095 ἐρχομένοισι
552 1014 679 1097 λέχοσδε,
702 1016 774 1089 όάος
798 1014 869 1094 μετὰ
892 1015 989 1097 χερσὶν
1014 1015 1128 1097 ἔχουσα·

241 1131 304 1192 295
351 1128 379 1202 ἐς
402 1130 542 1208 θάλαμον
566 1126 595 1191 ‹l’
622 1129 776 1212 ἀγαγοῦσα
798 1131 888 1192 πάλιν
909 1126 991 1193 ’κίεν
1016 1132 1045 1192 οἳ
1068 1128 1122 1209 μὲν
1148 1129 1246 1192 ἔπειτα

351 1241 492 1305 ἀσπάσιοι
514 1242 644 1325 λέκτροιο
668 1249 798 1305 παλαιοῦ
822 1243 937 1322 θεσμὸν
961 1244 1069 1306 ἵκοντο.

349 1355 442 1436 αὐτὰρ
469 1355 636 1436 Τηλέμαχος
658 1355 709 1418 καλ
732 1356 876 1437 βουκόλος
899 1355 948 1417 κτὲ
974 1373 975 1376 ’

194 1472 378 1546 suspicatur
407 1473 515 1546 ipsum
546 1474 677 1547 poetam
708 1472 877 1546 scripsisse
908 1466 935 1530 δ’
963 1465 1004 1551 ἀρ’
1037 1476 1104 1546 (pro
1130 1468 1183 1544 μέν
1205 1487 1254 1532 vs,
1285 1472 1370 1545 295),

195 1585 433 1646 diasceuastam
457 1589 568 1646 autem
588 1584 641 1663 μέν
661 1586 869 1646 substituisse
889 1588 926 1645 ut
946 1586 1019 1646 addi
1039 1587 1172 1661 possent
1191 1585 1369 1660 sequentia.

196 1699 272 1758 Mihi
298 1714 375 1758 vero
399 1699 480 1760 ista:

775 1812 805 1871 οἳ
826 1805 854 1871 δ’
881 1805 924 1891 ἀρ’
951 1809 1049 1871 ἔπειτα

349 1923 489 1986 ἀσπάσιοι
512 1923 641 2004 λέκτροιο
664 1930 794 1986 παλαιοῦ
819 1925 934 2002 θεσμὸν
958 1924 1056 1985 ἵκοντο

196 2041 376 2101 clausulam
419 2040 546 2101 efficere
589 2040 744 2100 carminis
787 2041 937 2100 videntur
979 2042 1105 2100 oratore
1143 2054 1241 2113 quam
1277 2041 1372 2112 poeta

198 2155 386 2229 digniorem.
423 2155 543 2215 Eadem
580 2170 678 2214 causa
712 2156 764 2213 est
798 2170 854 2213 cur
887 2153 1016 2228 probari
1049 2152 1131 2212 mihi
1165 2167 1230 2212 non
1269 2153 1372 2226 possit

197 2268 313 2328 Naberi
344 2269 516 2343 sententia,
549 2269 603 2342 qui
635 2268 668 2327 in
692 2268 829 2342 egregiis
853 2267 918 2326 illis
943 2266 1278 2341 Quaestionibus
1302 2267 1371 2325 Ho-

196 2381 386 2456 mericis,
422 2383 597 2456 postquam
632 2382 738 2441 mulia
772 2382 864 2442 docte
900 2383 996 2454 atque
1033 2382 1126 2441 acute
1161 2381 1200 2439 de
1235 2379 1372 2454 pristina

196 2495 305 2555 Iliadis
328 2495 434 2555 forma
457 2496 643 2571 disputavit,
669 2497 802 2556 tandem
826 2512 895 2556 rem
920 2511 957 2555 eo
981 2496 1135 2570 perducit,
1160 2498 1196 2554 ut
1219 2495 1371 2554 vetustis-

198 2609 318 2669 simum
353 2611 392 2669 de
426 2610 563 2670 Achillis
595 2611 643 2670 ira
678 2626 809 2670 carmen
839 2609 968 2669 finitum
999 2610 1101 2668 fuisse
1133 2610 1258 2668 statuat
1280 2609 1372 2682 gravi

195 2724 256 2784 hac
278 2727 374 2798 atque
398 2725 566 2800 splendida
593 2725 811 2799 peroratione:

372 2835 509 2916 ἠρόμεθα
533 2835 606 2917 μέγα
628 2837 730 2915 κῦδος,
753 2835 921 2914 ἐπέφνομεν
936 2833 1066 2915 Ἕκτορα
1094 2836 1169 2895 δῖον.

239 2953 366 3013 Addam
397 2953 526 3028 aliquid,
563 2953 646 3026 quod
674 2952 788 3011 multis
818 2952 939 3012 mirum
966 2950 1127 3011 videbitur
1150 2950 1297 3036 tortasse,
1325 2952 1369 3009 at-

195 3081 256 3138 que
290 3065 480 3125 iamdudum
515 3065 687 3139 explosum
724 3065 983 3137 refut-utumque:
1021 3066 1055 3123 at
1088 3064 1170 3123 mihi
1205 3065 1293 3123 certa
1320 3065 1372 3124 hio

195 3180 261 3237 stat
295 3178 466 3253 sententia,
500 3180 532 3237 et
563 3194 625 3251 quo
656 3178 763 3252 magis
795 3193 869 3237 earn
897 3178 1006 3237 animo
1030 3177 1161 3237 revolvo
1186 3192 1223 3236 eo
1247 3175 1285 3236 fit
1309 3193 1371 3236 cer·

195 3292 265 3351 tior.
290 3292 340 3351 Ad
363 3291 524 3352 Achillem
549 3292 764 3352 dormientem
784 3291 924 3352 Patrocli
945 3292 1035 3351 venit
1054 3291 1188 3350 umbra:
1210 3290 1374 3364 vituperat

195 3422 271 3464 eum
294 3407 377 3479 quod
401 3405 590 3465 dulcissimo
614 3405 719 3465 amico
744 3406 866 3465 amisso
890 3421 1044 3465 somnum
1068 3421 1181 3479 capere
1204 3405 1316 3480 possit,
1338 3407 1374 3464 ut

194 3519 244 3578 sui
268 3519 451 3578 recordetur
475 3519 638 3594 admonet,
664 3521 700 3578 ut
724 3519 909 3593 sepulturae
933 3534 1011 3578 suae
1035 3534 1134 3592 quam
1157 3519 1301 3592 primum
1321 3519 1375 3578 det
1446 3517 1449 3522 '

195 3647 327 3706 operam
353 3633 511 3692 hortatur.
537 3633 598 3692 Sed
623 3633 721 3692 simul
743 3634 771 3692 ei
791 3635 924 3692 revocat
943 3632 976 3690 in
996 3633 1142 3692 mentem
1162 3647 1260 3705 quarn
1279 3632 1376 3706 longa

196 3762 357 3820 quamque
387 3745 482 3806 firma
513 3747 598 3805 inter
629 3762 664 3806 se
696 3746 797 3806 iuncti
827 3747 947 3806 luerint
971 3747 1133 3820 amicitia;
1158 3761 1177 3804 a
1201 3761 1261 3804 suo
1284 3748 1375 3820 patre

195 3875 230 3919 se
265 3860 344 3920 olim
379 3861 419 3919 ad
453 3860 590 3919 Achillis
626 3862 753 3935 patrem
788 3860 964 3920 adductum
996 3862 1240 3934 commemorat,
1272 3874 1375 3934 neque

196 3974 311 4033 addere
337 3974 473 4048 negligit
498 3989 553 4034 cur
576 3974 700 4062 factum
724 3974 802 4033 illud
826 3974 886 4046 sit;
912 3973 986 4032 inde
1010 3989 1029 4032 a
1052 3974 1147 4034 Peleo
1170 3975 1318 4034 maxima
1341 3990 1376 4034 se

197 4089 370 4148 educatum
406 4104 482 4148 cura
517 4087 717 4161 Achillisque
751 4088 876 4147 factum
911 4086 1063 4147 clientem
1099 4089 1195 4159 atque
1230 4088 1263 4145 in
1293 4088 1377 4147 bello

199 4201 397 4262 ministrum.
423 4202 568 4276 Denique
591 4202 689 4260 hasce
712 4216 824 4275 preces
848 4200 994 4260 subiicit:

377 4306 416 4387 dg
441 4311 473 4374 ei
492 4312 542 4375 καὶ
566 4310 651 4374 όστέα
674 4321 748 4373 νῶιν
772 4309 829 4390 tuh
853 4313 940 4394 σόρος
963 4310 1185 4389 ἀμφικαλύπτοι

379 4428 501 4507 χρύσεος
524 4425 724 4507 ἀμφιφορεύς,
746 4425 798 4488 τόν
820 4449 864 4488 τοι
883 4423 968 4507 ’πόρε
991 4425 1098 4487 πότνια
1121 4423 1225 4506 μήτηρ.
