3270 5262
744 667 785 727 29

172 858 307 934 videtur,
337 872 539 932 quamquam
561 856 696 915 modum
719 854 874 915 excedere
898 869 974 913 eum
997 869 1112 914 censeo
1136 855 1225 925 (illud
1249 856 1346 931 enim,

170 971 245 1031 licet
268 972 365 1032 facile
384 971 462 1030 ferri
480 970 670 1044 probarique
689 967 802 1043 possit,
824 969 936 1026 tamen
955 983 1019 1028 non
1038 969 1149 1043 utique
1170 971 1220 1028 est
1239 985 1346 1028 neees-

168 1086 304 1156 sarium)
338 1085 425 1145 haud
456 1087 567 1144 tamen
590 1098 703 1143 recuso
727 1082 900 1156 quominus
923 1098 1100 1156 pronomen
1123 1083 1175 1143 foc
1198 1085 1345 1144 retineat.

168 1200 304 1274 Propter
328 1215 445 1260 versus
469 1214 488 1258 a
510 1213 564 1257 me
587 1196 689 1257 reficti
713 1197 913 1256 structuram
937 1197 1120 1257 conferatur
1143 1209 1170 1274 ψ
1196 1199 1275 1257 136;

406 1309 426 1392 ή
449 1305 496 1372 ἀν’
523 1308 596 1372 ὁδὸν
619 1309 738 1390 στείχων
761 1306 781 1389 ή
805 1311 835 1369 οἳ
856 1309 1100 1390 περιναιετάουσι.

212 1544 278 1602 255
303 1557 374 1615 sqq.
399 1540 554 1614 Ulyssem
578 1539 647 1598 cibo
671 1538 738 1598 iam
760 1537 901 1612 potuque
918 1540 1101 1598 recreatum
1120 1539 1167 1598 sic
1188 1538 1349 1598 Nausicaa

164 1656 362 1729 alloquitur:

327 1763 414 1845 ὄρσεο
439 1763 477 1843 δή
500 1774 568 1845 νῦν,
591 1765 676 1842 ξεῖνε,
697 1757 814 1826 πόλινδ’
841 1759 932 1842 ἔμεν’,
954 1761 1034 1843 ὄφρα
1058 1780 1090 1825 σε
1112 1761 1221 1842 πέμψω

325 1879 438 1959 πατρὸς
462 1877 534 1958 ἐμοῦ
557 1878 632 1959 πρὸς
655 1879 740 1956 δῶμα
763 1879 937 1959 δαΐφρονος,
959 1877 1037 1938 ἔνθα
1060 1895 1092 1939 σε
1115 1876 1193 1957 φημὶ

326 1995 448 2055 πάντων
475 1994 617 2073 Φαιήκων
641 1987 804 2072 εἰδησέμεν’
833 1992 915 2054 ὅσσοι
938 1990 1059 2072 ἄριστοι.

210 2110 273 2170 Η1ο
299 2125 360 2169 vos
379 2125 436 2183 pro
455 2109 587 2184 vulgato
608 2106 760 2184 εἰδήσεμεν
780 2107 991 2167 Herwerdeni
1009 2107 1177 2180 recepistis
1190 2108 1347 2168 coniectu-

161 2238 237 2282 ram
262 2220 304 2281 ἔτι
330 2215 463 2298 δηέμεν,
482 2238 580 2296 quam
599 2221 898 2296 ingeniosissimum
918 2221 1035 2294 illoque
1055 2222 1204 2281 acumine
1216 2222 1348 2296 dignam

162 2352 239 2397 esse
288 2331 516 2396 lubentissime
562 2349 719 2407 agnosoo;
767 2333 849 2393 levis
891 2336 1003 2394 tamen
1045 2334 1204 2408 quaedam
1245 2337 1348 2395 restat

163 2450 340 2510 dubitatio
372 2448 519 2507 Profecto
550 2448 761 2510 verissimum
792 2449 841 2506 est
869 2447 953 2521 quod
977 2447 1083 2508 dicitis
1107 2448 1250 2507 alienum
1273 2449 1349 2507 hinc

163 2579 242 2622 esse
286 2561 453 2622 sciendi
496 2561 640 2636 verbum,
680 2560 737 2620 sed
771 2575 836 2619 non
871 2576 951 2635 opus
986 2563 1036 2620 est
1070 2562 1104 2620 in
1137 2562 1254 2622 Latina
1287 2562 1349 2622 loci

162 2677 322 2736 versione
346 2675 400 2734 illo
423 2674 521 2734 verbo
544 2674 609 2733 uti:
635 2677 686 2733 est
710 2674 797 2733 enim
820 2666 887 2732 οῖδα
911 2675 1025 2734 Latine
1048 2676 1146 2751 scio,
1172 2675 1349 2735 sedetiam

162 2790 279 2849 novi.
314 2788 433 2864 Quodsi
464 2787 536 2861 quis
567 2788 688 2847 diceret
717 2789 854 2847 verbum
884 2788 968 2862 quod
999 2791 1050 2848 est
1076 2789 1250 2848 novisse
1273 2790 1349 2848 hinc

162 2903 316 2963 alienum
347 2917 429 2976 esse,
461 2901 532 2976 ipsi,
564 2903 601 2960 ut
631 2901 752 2976 opinor,
785 2916 891 2961 errare
922 2902 1015 2960 illum
1047 2902 1242 2962 clamaretis.
1268 2901 1348 2976 Quid

163 3015 259 3076 enim
290 3014 366 3074 huic
396 3014 465 3075 loco
496 3014 613 3092 aptius,
646 3014 721 3088 quid
752 3014 814 3088 ipsi
840 3014 952 3089 Ulyssi
975 3015 1089 3076 utilius
1112 3031 1211 3090 quam
1234 3031 1348 3075 omnes

163 3129 297 3189 insulae
331 3127 455 3188 nobiles
490 3143 692 3203 cognoscere,
728 3127 869 3203 novisse,
906 3130 1001 3188 notos
1036 3130 1178 3190 habere?
1207 3128 1257 3187 Ex
1287 3131 1348 3189 hac

163 3242 288 3302 notitia
323 3244 481 3315 quantum
515 3242 634 3316 hospiti
669 3241 857 3300 nasceretur
887 3242 1109 3318 emolumenti,
1141 3244 1348 3317 antiquorum

164 3357 342 3417 hominum
372 3370 468 3414 nemo
499 3355 677 3428 ignorabat.
706 3353 827 3414 Deinde
857 3370 922 3415 non
952 3357 1023 3414 tam
1054 3357 1147 3416 facile
1176 3353 1216 3415 ἔτι
1240 3353 1347 3434 δηέμεν

165 3472 204 3530 in
227 3466 381 3556 εἰδησέμεν
403 3467 509 3542 potuit
533 3467 710 3540 corrumpi;
735 3482 838 3540 neque
863 3469 951 3527 enim
973 3469 1044 3528 tam
1068 3470 1152 3529 inter
1171 3485 1206 3528 se
1227 3469 1348 3530 similia

166 3584 226 3643 illa
258 3583 357 3641 verba
387 3583 473 3656 sunt,
506 3581 582 3653 quin
613 3580 719 3640 scriba
749 3595 813 3640 non
843 3581 938 3655 plane
962 3596 1078 3642 caecus
1101 3583 1215 3643 statim
1238 3585 1348 3644 videat

166 3698 283 3756 utrum
313 3694 430 3754 habeat
460 3695 494 3754 in
525 3695 704 3768 exemplari
735 3710 803 3771 suo,
836 3696 877 3771 et,
906 3696 1060 3769 quoniam
1083 3712 1162 3756 mox
1185 3701 1244 3768 (vs.
1271 3699 1345 3768 291)

168 3810 290 3883 legitur
321 3807 401 3884 δήεις
432 3805 543 3886 ἀγλαὸν
566 3806 654 3879 ἄλσος
679 3810 712 3868 et
735 3810 855 3869 iterum
879 3809 912 3868 in
935 3809 1055 3869 vicinia
1079 3814 1108 3887 (q
1132 3812 1185 3881 49)
1210 3809 1290 3887 δήεις
1315 3806 1346 3869 δὲ

169 3917 342 3998 διοτρεφέας
365 3922 518 4000 βασιλῆας,
540 3923 597 3980 vix
620 3923 770 3983 credibile
794 3925 845 3982 est
867 3939 1064 3997 quemquam
1088 3921 1346 4002 111οδ1ιιδηέμεν

170 4035 248 4108 quid
278 4035 340 4093 sibi
369 4035 468 4094 vellet
499 4050 563 4094 non
591 4036 827 4110 intelligentem
851 4037 889 4096 de
913 4052 971 4096 suo
994 4038 1103 4096 notius
1127 4037 1253 4098 dedisse
1277 4055 1345 4098 ver·
1380 4117 1381 4120 Ἴ

169 4150 250 4208 bum
280 4145 439 4225 εἰδησέμεν.
472 4149 563 4225 Tum,
597 4149 672 4224 quia
703 4151 818 4209 ceteris
850 4150 984 4210 Homeri
1014 4151 1094 4211 locis
1124 4151 1232 4211 nullae
1263 4153 1345 4212 aliae

170 4263 493 4346 occurruntobscuri
516 4263 604 4322 illius
627 4263 717 4321 verbi
740 4261 861 4337 figurae
885 4279 983 4338 qnam
1004 4263 1095 4340 δήεις,
1115 4263 1346 4343 dioptraeque,

170 4375 321 4449 equidem
352 4376 411 4435 hoc
435 4391 498 4436 uno
523 4392 643 4435 novam
667 4375 811 4448 aliquam
834 4375 954 4450 fingere
978 4377 1036 4436 vix
1060 4378 1175 4438 ausim.
1201 4379 1262 4438 Sed
1286 4379 1347 4440 hoc

170 4487 285 4546 mitto:
306 4490 338 4547 in
358 4490 529 4565 sententia,
551 4505 649 4562 quam
668 4489 878 4549 Herwerdeni
897 4491 1081 4551 coniectura
1096 4492 1186 4551 hisce
1197 4492 1345 4551 versibus
