3270 5262
844 682 887 746 20

275 869 435 934 ferremus
458 868 570 949 ἔμεινε.
584 916 590 929 .
604 916 610 929 .
623 867 734 930 ἔλιπε.”
758 872 803 930 At
825 871 857 929 id
881 872 963 944 quod
987 887 1046 931 vos
1065 872 1229 947 requiritis
1248 888 1344 933 omne
1364 873 1450 936 inest

179 981 180 986 ’
275 987 309 1045 in
340 985 515 1047 Cobetiana
544 985 691 1060 lectione,
724 985 884 1058 siquidem
915 982 1036 1062 ἔμιμνεν
1067 988 1101 1046 et
1131 984 1242 1046 ἔλειπεν
1265 989 1449 1062 plusquam-

275 1102 490 1176 perfectorum
521 1100 628 1159 vicem
659 1099 805 1173 implent.
838 1097 919 1160 Cum
943 1099 1030 1158 eninr
1054 1101 1212 1175 Penelope
1237 1101 1331 1161 dicit:
1356 1098 1375 1179 ἤ
1398 1123 1449 1161 ιιεν

274 1212 376 1292 ἔμιμνε
412 1208 578 1291 Τηλέμαχος
611 1209 631 1289 ἤ
665 1209 698 1272 ιε’
732 1233 767 1290 με
797 1216 962 1289 τεθνηαῖαν
994 1210 1038 1272 ἕνλ
1069 1213 1240 1293 μεγάροισιν
1271 1213 1364 1274 ἔλειπε
1387 1216 1449 1276 hoc

153 1355 157 1368 ·
273 1329 367 1388 dicit:
406 1329 482 1403 ,aut
509 1327 696 1387 etiamnunc
719 1327 772 1386 hic
795 1327 933 1406 adesset,
959 1329 1016 1387 aut
1039 1343 1097 1403 ego
1121 1330 1191 1389 sole
1214 1329 1267 1390 hic
1289 1332 1448 1390 restarem

272 1442 328 1502 sed
352 1456 416 1500 non
438 1441 546 1500 viva”.
572 1439 618 1500 Oi.
642 1443 658 1498 l
684 1441 764 1500 178:

449 1549 483 1631 ἠὲ
506 1550 587 1631 μένει
609 1551 690 1638 παρδι
712 1551 797 1614 παιδλ
819 1551 871 1613 καλ
892 1551 1004 1632 ἔμπεδα
1027 1553 1125 1616 πάντα
1147 1554 1309 1633 quidcem,

448 1663 468 1746 ἢ
491 1663 551 1745 ἤδη
574 1689 625 1745 μιν
648 1665 755 1746 ἔγημεν
779 1671 900 1746 Ἀχαιῶν
924 1666 957 1740 ὅς
980 1690 1023 1739 τις
1046 1664 1180 1746 ιἰἷριστος;

269 1782 290 1841 1.
315 1795 358 1841 e:
397 1782 559 1857 „etiamne
591 1784 656 1842 est
687 1782 775 1842 domi
805 1798 899 1842 meae
931 1798 973 1842 an
1004 1783 1077 1843 inde
1108 1784 1175 1842 iam
1206 1784 1341 1844 abduxit
1371 1801 1444 1845 eam

270 1911 374 1956 novus
397 1896 581 1956 maritus?”
607 1896 690 1966 (vide
714 1897 816 1956 etiam
840 1911 887 1956 vs.
915 1897 998 1966 181).

315 2008 399 2069 Eril
412 2010 493 2069 725:
526 2000 607 2088 ἆνερ,
629 2003 676 2068 ἀπ’
702 2008 811 2081 αἰῶνος
834 2005 900 2081 νέος
925 2007 1007 2085 ὤλεο,
1029 2006 1087 2068 κὰδ
1109 2005 1141 2068 δέ
1163 2030 1199 2088 με
1218 2008 1312 2089 χήρην

513 2121 620 2192 λείπεις
643 2118 675 2180 ἐν
699 2118 859 2201 μέγαροισι.

271 2237 291 2296 i.
317 2252 362 2297 e:
389 2238 445 2311 ,tu
468 2235 623 2311 occidisti,
648 2251 707 2310 ego
727 2251 813 2295 nunc
835 2251 1033 2296 remaneo
1057 2236 1186 2296 vidua.'’

314 2350 422 2411 Priore
453 2349 523 2409 loco
547 2345 636 2425 μένει,
661 2349 763 2409 altero
786 2347 893 2419 λείπεις
917 2349 985 2408 virn
1009 2348 1107 2408 habet
1129 2349 1330 2425 perfecti3
1359 2354 1446 2412 recte

270 2479 345 2538 ergo
368 2466 542 2537 utrumque
566 2463 627 2523 sibi
650 2462 839 2522 adiunctum
862 2462 960 2521 habet
983 2461 1204 2536 praeteritum.

315 2692 376 2750 737
402 2706 471 2764 sqq.
496 2691 674 2764 Postquam
697 2689 779 2749 satis
803 2690 938 2750 ancillas
958 2689 1162 2763 reprehendit
1183 2691 1341 2764 Penelope
1361 2691 1445 2764 quod

268 2805 307 2864 de
338 2804 523 2864 Telemachi
554 2804 750 2878 profectione
778 2803 884 2877 ipsam
907 2819 971 2863 non
995 2802 1130 2862 fecerint
1153 2805 1333 2878 certiorem,
1360 2805 1444 2880 ,agi-

268 2918 400 2978 tedum’'
425 2917 480 2993 ait,
505 2916 635 2977 Doliurn
659 2932 792 2976 servum
815 2932 927 2975 meum
950 2931 1065 2976 senern
1088 2916 1151 2975 huc
1171 2918 1346 2977 arcessite”

868 3025 948 3106 ὄφρα
971 3028 1088 3107 τάχιστα

514 3140 634 3227 Λαέρτῃ
658 3141 726 3202 τάδε
748 3141 845 3202 πάντα
867 3139 1064 3220 παρεζόμενος
1087 3139 1239 3225 καταλέξῃ,

512 3256 539 3316 εἰ
560 3256 597 3333 δή
621 3256 681 3317 πού
703 3278 770 3315 τινα
792 3260 889 3327 κεῖνος
913 3251 957 3314 ἐνὶ
981 3252 1068 3333 φρεσὶ
1090 3263 1177 3333 μῆτιν
1199 3253 1320 3333 ὑφήνας

402 3372 465 3431 740
512 3367 640 3442 ἐξελθὼν
664 3374 779 3430 λαοῖσιν
802 3365 950 3449 ὀδύρεται,
973 3369 1003 3428 οἳ
1026 3367 1154 3446 μεμάασι

509 3481 569 3544 δὸν
592 3480 642 3542 καὶ
660 3477 822 3560 Ὀδυσσῆος
846 3486 956 3557 φθῖσαι
978 3481 1069 3562 γόνον
1093 3479 1252 3542 ἀντιθέοιο.

240 3602 242 3606 ’
310 3599 361 3658 Ad
395 3596 431 3674 οἵ,
468 3598 551 3670 quod
586 3613 635 3657 vs
668 3598 732 3657 740
763 3597 889 3672 legitur,
923 3596 1105 3656 annotatis:
1143 3597 1201 3672 ,de
1228 3598 1296 3657 toto
1326 3600 1442 3674 populo

267 3713 376 3772 minus
411 3714 559 3772 accurate
590 3712 738 3772 dicitur’'.
770 3711 973 3787 Rectissime,
1002 3713 1038 3770 ut
1061 3712 1189 3785 opinor:
1214 3711 1331 3773 iniuria
1353 3715 1443 3773 totus

265 3826 402 3900 populus
433 3826 550 3886 dicitur
576 3826 752 3900 perniciem
774 3825 905 3897 Ulyssis
928 3825 1018 3898 genti
1038 3825 1155 3884 moliri.
1179 3825 1289 3899 Neque
1313 3827 1442 3900 iniquus

265 3939 372 3998 solum
395 3939 438 3998 sit
463 3940 604 4014 Laertes
630 3939 658 3997 si
683 3938 841 3998 eiusmodi
865 3938 984 4011 aliquid
1008 3938 1069 3998 toti
1092 3939 1208 4012 populo
1232 3939 1362 4000 obiiciat
1385 3941 1443 4000 sed

265 4053 364 4111 etiam
389 4051 533 4112 insanus
559 4051 618 4128 Qui
638 4051 726 4110 enirn
746 4053 921 4111 convocato
942 4053 1029 4120 (narn
1049 4051 1110 4110 hoc
1129 4052 1318 4125 praecedere
1337 4054 1440 4124 debet)

264 4167 333 4224 toto
364 4165 480 4239 populo
511 4160 647 4242 ὀδύρεται
678 4164 807 4240 aliquid,
841 4165 934 4223 illum
964 4164 1136 4223 lamentari
1167 4165 1206 4223 de
1230 4165 1356 4226 insidiis
1379 4167 1440 4227 sibi

263 4279 468 4352 familiaeque
504 4294 582 4338 suae
614 4279 756 4354 structis,
789 4294 854 4337 non
886 4279 925 4338 ab
957 4278 1071 4338 eodem
1102 4278 1156 4338 illo
1186 4280 1302 4353 populo
1334 4281 1390 4340 scd
1422 4296 1441 4340 a

263 4392 360 4452 certis
384 4391 577 4466 quibusdam
597 4393 784 4451 hominibus
804 4394 918 4466 sponte
939 4392 1161 4466 intelligimus.
1182 4392 1243 4452 Pro
1264 4393 1319 4453 illo
1342 4394 1441 4468 igitur

261 4504 296 4564 οῖ’
314 4506 368 4564 alii
393 4506 457 4565 alia
481 4507 694 4566 coniecerunt.
719 4506 850 4582 Verum,
876 4507 939 4565 nisi
963 4522 1021 4580 ego
1041 4506 1309 4584 planecaecutio,
1330 4507 1367 4567 iit
1386 4508 1439 4567 hic
