3310 5262
837 653 879 722 98

268 857 342 908 cum
362 846 555 924 praesertim
574 847 780 922 perspicuum
793 847 845 922 sit,
860 847 935 920 quid
948 847 977 906 ei
989 846 1144 906 nocuerit.
1158 842 1325 904 Praecedit
1337 842 1443 903 enim:

446 961 621 1038 Κτήσιππον
645 954 672 1018 δ’
698 955 756 1036 ἄρα
783 956 950 1038 Τηλέμαχος
974 957 1105 1037 ἠνίπαπε
1127 957 1218 1042 μύθῳ

268 1091 342 1149 ergo
366 1092 383 1135 e
407 1090 504 1149 supra
527 1075 631 1148 posito
656 1073 745 1156 μύθῳ
770 1074 861 1133 nasci
884 1074 971 1133 istud
995 1078 1083 1156 θυμῷ
1104 1073 1218 1148 potuit.

312 1289 375 1346 339
397 1303 465 1361 sqq.
490 1287 563 1345 Iure
587 1301 606 1345 a
625 1286 817 1346 Telemacho
838 1286 1071 1359 reprehensum
1093 1284 1280 1359 Ctesippum
1300 1285 1443 1344 declarat

266 1401 408 1474 Agelaus
438 1415 608 1474 procorum
639 1415 733 1474 unus,
759 1399 816 1458 sed
839 1399 927 1458 addit
951 1398 1017 1458 iarn
1041 1398 1246 1472 praeteriisse
1270 1398 1444 1458 cunctandi

266 1513 494 1586 differendique
529 1517 675 1586 tempus;
707 1528 772 1571 non
803 1513 890 1571 enim
920 1512 1043 1585 sperari
1066 1512 1167 1571 etiam
1190 1526 1285 1585 posse
1311 1511 1444 1585 Ulyssis

265 1627 415 1686 reditum.
451 1627 559 1685 Monet
594 1641 669 1699 ergo
701 1625 933 1684 Telemachum
964 1627 1000 1684 ut
1030 1627 1172 1684 matrem
1203 1625 1312 1684 iubeat
1342 1641 1444 1698 quam

264 1739 407 1813 primum
430 1740 487 1798 uni
505 1753 676 1812 procorum
696 1739 825 1799 nubere.
846 1738 930 1798 Huic
950 1739 998 1797 sic
1016 1738 1188 1812 respondet
1212 1738 1444 1798 Telemachus:

443 1853 478 1912 οὐ
503 1849 544 1928 μὰ
567 1845 650 1928 Ζῆν’,
673 1849 794 1929 Ἀγέλαε,
816 1848 867 1910 καὶ
890 1847 979 1930 άλγεα
1002 1849 1112 1927 πατρὸς
1136 1848 1228 1926 ἐμοῖο,

443 1965 474 2037 ὅς
497 1970 573 2026 ποθι
596 1958 655 2042 τῆλ’
679 1959 801 2042 Ἰθάκης
824 1961 843 2043 ἢ
867 1962 989 2040 ἔφθιται
1011 1961 1031 2042 ἢ
1054 1961 1205 2040 ἀλάληται,

442 2075 479 2139 od
502 2101 528 2138 τι
552 2077 691 2158 διατρίβω
715 2075 824 2155 μητρὸς
848 2076 954 2157 γάμον,
977 2074 1050 2136 ἀλλά
1072 2076 1180 2137 κελεύω

441 2186 569 2272 γήμασθ’
596 2185 619 2275 ᾧ
643 2185 667 2249 κ’
694 2188 792 2273 ἐθέλῃ,
815 2188 870 2250 νιτὲ.

311 2306 387 2381 Quis
413 2323 557 2380 unquam
581 2306 701 2365 iuravit
719 2321 776 2379 per
799 2305 968 2365 dolores
992 2305 1137 2380 alicuine,
1158 2307 1351 2379 praesertim
1371 2306 1445 2366 eius

264 2435 361 2492 quem
392 2423 507 2494 putent
530 2434 644 2480 omnes
668 2419 734 2477 iam
756 2434 946 2492 supremum
969 2419 1087 2478 obiisse
1111 2419 1221 2478 diem?
1244 2419 1444 2493 Imperitone

265 2534 379 2606 poetae
404 2533 489 2592 istud
513 2531 601 2610 ἄλγεα
624 2527 734 2609 πατρὸς
758 2529 839 2608 ἐμοῖο
863 2531 996 2591 debetur
1019 2546 1060 2590 an
1083 2532 1191 2606 inepto
1214 2532 1368 2592 librario?

310 2745 373 2803 373
399 2759 456 2817 sq.
489 2743 748 2816 Theoclymenus
774 2745 867 2802 vates
890 2743 1035 2818 prodigia
1057 2743 1146 2803 videt
1168 2744 1347 2803 instantem
1370 2759 1440 2817 per·

265 2857 383 2916 niciem
410 2856 643 2931 significantia3
668 2872 781 2930 procos
807 2873 894 2933 vero,
920 2873 1056 2931 quorum
1087 2860 1215 2917 mentes
1238 2857 1442 2930 perturbavit

264 2970 418 3045 Minerva,
451 2984 489 3029 ea
518 2969 630 3029 latent.
662 2971 745 3045 Ergo
777 2972 815 3031 ab
847 2971 911 3030 illis
941 2973 1070 3046 propter
1096 2971 1288 3030 vaticinium
1312 2971 1440 3031 derisus

265 3084 352 3143 abire
387 3084 545 3158 properat,
580 3098 713 3144 manere
749 3100 784 3144 se
808 3084 893 3144 nolle
928 3085 1037 3144 dicens
1072 3083 1106 3142 in
1140 3084 1281 3158 aedibus,
1322 3085 1440 3156 quibus

265 3197 378 3256 caedes
402 3197 605 3255 immineant.
632 3197 797 3271 Sequitur:

442 3279 607 3388 μνηστῆρεςΙ
628 3305 656 3368 δ’
683 3307 740 3386 άρα
763 3309 871 3382 πάντες
894 3309 923 3383 ές
946 3307 1091 3386 ἀλλήλους
1115 3305 1252 3388 ὁράοντες

444 3420 613 3501 Τηλέμαχον
637 3421 778 3498 ἐρέθιζον,
801 3421 849 3482 ε’πὶ
872 3423 956 3507 ξείνῳ
979 3423 1139 3502 γελάοντες.

308 3540 358 3598 Ad
392 3539 531 3598 alterum
567 3552 698 3596 versum
732 3537 913 3596 annotatis:
951 3537 1055 3620 ,ξείνῳ
1090 3538 1124 3612 F,
1157 3535 1263 3608 ξείνοις
1293 3537 1438 3610 plerique

263 3653 397 3724 vitiose3
427 3652 619 3724 quapropter
642 3649 761 3720 ξείνοισι
784 3653 922 3728 γελῶντες
942 3651 1109 3724 proposuit
1132 3650 1306 3710 Nauckius.
1328 3651 1438 3710 Plura·

263 3768 329 3827 lem
354 3768 517 3840 peperisse
540 3765 668 3824 videtur
691 3779 805 3823 versus
829 3765 958 3838 spurius
982 3765 1064 3824 382:

441 3877 510 3950 τοὺς
533 3879 647 3950 ξείνους
671 3875 702 3937 ἐν
725 3875 776 3954 νηὶ
798 3876 973 3953 πολυκλήιδι
997 3875 1136 3954 βαλόντες

265 4008 361 4066 quem
385 3993 413 4051 si
436 3993 508 4065 quis
530 4007 661 4052 servare
684 3991 764 4050 velit
786 3991 892 4065 legere
915 3992 1035 4065 possit:

444 4102 613 4183 Τηλέμαχον
636 4102 788 4184 γελάοντες
811 4101 859 4163 ἐπὶ
881 4098 1001 4176 ξείνοισ’
1027 4100 1170 4183 ἐρέθιζον,

264 4220 310 4279 ita
340 4221 377 4278 ut
407 4215 454 4278 ἐπὶ
481 4218 600 4291 ξείνοισι
630 4219 781 4292 iungatur
805 4233 879 4278 cum
902 4218 999 4277 verbo
1024 4214 1194 4294 ἐρεθίζειν.”
1224 4210 1253 4288 1).
1278 4217 1437 4290 Equidem

295 4435 310 4483 ¹)
325 4431 400 4474 Recte
414 4429 455 4474 hle
469 4431 579 4490 ἐρεθίζειν
595 4429 704 4476 vexandl
720 4429 896 4482 mordendique
911 4441 987 4474 sensu
1006 4429 1145 4476 adhibetur.
1159 4428 1222 4475 Vide
1241 4440 1308 4473 nunc
1321 4439 1385 4482 quae
1407 4431 1440 4476 ad

265 4513 302 4547 vs.
317 4505 343 4546 44
358 4515 394 4556 sq.
408 4504 433 4547 L.
447 4503 508 4546 XIX
522 4503 709 4548 annotavimus.
