3270 5262
832 667 873 725 24

268 853 449 925 „obiectum
481 855 659 912 directum”
696 855 860 913 contineat
894 854 958 914 ullo
990 855 1086 914 modo
1116 855 1192 914 ferri
1223 857 1339 929 potest.
1372 855 1442 915 Hoc

265 967 372 1026 solum
403 953 480 1027 dicit
507 966 683 1040 Penelope:
710 965 795 1040 „filio
819 982 860 1026 ne
884 967 959 1039 quid
983 968 1107 1027 accidat
1130 971 1241 1028 metuo
1265 969 1334 1027 sive
1358 969 1441 1027 mari

266 1080 335 1139 sive
366 1081 399 1138 in
430 1081 809 1154 te1·raperegrin0rum.”
835 1081 973 1140 Omnino
998 1082 1059 1140 iter
1083 1083 1287 1141 maritimum
1310 1083 1442 1142 facienti

265 1194 369 1252 multa
396 1193 584 1267 impendent
606 1193 756 1268 pericula,
782 1208 847 1251 non
869 1195 953 1252 mari
976 1194 1083 1253 solum
1107 1195 1163 1254 sed
1187 1196 1287 1254 etiam
1311 1211 1385 1254 cum
1409 1197 1442 1255 in

265 1307 410 1380 ignotam
444 1306 587 1378 aliquam
622 1306 766 1365 escendit
797 1307 978 1380 regionem:
1014 1323 1110 1382 saepe
1142 1309 1229 1367 enim
1259 1309 1375 1369 accidit
1405 1311 1442 1368 ut

265 1419 380 1492 aliquis
409 1419 449 1478 ad
473 1420 595 1478 terram
619 1419 759 1493 appellat
783 1417 893 1497 ἀγρίων
916 1441 945 1478 τε
968 1417 1018 1478 καὶ
1042 1418 1198 1498 ὑβριστῶν.
1222 1421 1292 1480 Hoc
1316 1436 1441 1494 quoque

264 1532 440 1591 tenendum
453 1532 556 1605 ipsam
571 1532 752 1606 Penelopen
764 1548 930 1606 nunquam
942 1535 1144 1593 mentionem
1157 1534 1262 1594 facere
1270 1549 1442 1609 procorum

264 1644 449 1705 Telemachi
472 1646 612 1704 reditum
636 1643 667 1703 ἐν
691 1650 818 1726 πορθμῷ
842 1641 965 1722 Ἰθάκης
986 1667 1015 1704 τε
1035 1645 1151 1722 Σάμοιό
1172 1668 1200 1704 τε
1223 1645 1442 1723 παιπαλοέσσης

265 1759 502 1833 speculantium
516 1763 604 1826 (nam
621 1760 703 1832 quod
716 1776 813 1819 versu
827 1761 889 1819 766
904 1767 1072 1836 μνηστῆρας
1085 1754 1112 1818 δ’
1125 1757 1273 1818 ἀπάλαλκε
1282 1763 1440 1837 precatur,

264 1872 325 1932 hoc
348 1872 441 1932 dicit:
469 1888 601 1948 „procos
621 1874 710 1933 hisce
730 1889 802 1933 arce
823 1875 987 1943 aedibus'’)
1009 1875 1078 1933 sive
1100 1876 1183 1948 quod
1205 1875 1281 1934 illud
1305 1876 1442 1949 impium

264 1988 296 2044 et
327 1986 453 2045 crudele
484 2002 654 2060 procorum
686 1988 857 2046 consilium
889 1989 996 2047 aetate
1028 1990 1205 2048 recentiore
1236 1989 1368 2062 antiquo
1393 1990 1443 2048 est

264 2099 426 2158 adiectum
447 2101 592 2176 carmini,
614 2101 683 2159 sive
704 2101 787 2173 quod
807 2100 845 2159 de
867 2116 903 2160 eo
920 2102 1070 2176 periculo,
1085 2103 1169 2174 quod
1182 2103 1314 2161 demum
1327 2103 1443 2160 ceteris

266 2212 416 2270 omnibus
448 2214 579 2272 evitatis
606 2213 749 2287 instabit,
776 2214 809 2271 in
835 2215 1020 2287 praesentia
1043 2216 1130 2273 tacet
1152 2215 1292 2288 prudens
1315 2215 1442 2274 mulier.

266 2324 346 2398 Quid
367 2327 449 2398 quod
470 2326 544 2384 illae
564 2327 699 2385 insidiae
720 2326 822 2384 semel
843 2327 1060 2400 deprehensae
1080 2343 1144 2386 non
1160 2343 1355 2402 magnopere
1367 2330 1443 2387 sunt

264 2437 437 2497 timendae.
476 2444 480 2454 ‘

311 2665 373 2724 831
410 2679 479 2737 sqq.
514 2665 640 2724 Ultima
674 2666 850 2739 Penelopes
881 2668 921 2725 ad
956 2667 1146 2726 simulatam
1176 2667 1267 2727 illam
1298 2684 1443 2729 sororem
1474 2678 1477 2682 ·

265 2777 363 2836 verba
387 2776 467 2835 haec
491 2779 585 2836 sunt:

466 2887 492 2948 εἰ
514 2885 567 2966 μὲν
592 2887 628 2966 δὴ
650 2889 722 2961 θεός
747 2889 807 2949 ἕσσι
831 2890 915 2951 θεοῖό
939 2913 968 2950 τε
992 2889 1091 2963 ἔκλυες
1115 2891 1221 2969 αὐδήν.

309 3005 371 3064 Hic
395 3003 510 3063 dubius
534 3004 650 3063 haereo
675 3005 903 3079 corruptumne
929 3005 1037 3065 locum
1062 3022 1081 3065 a
1104 3007 1243 3066 librariis
1266 3010 1378 3081 putem
1402 3024 1443 3068 an

264 3117 388 3190 inepte·
407 3131 532 3177 errasse
567 3120 697 3192 poetam
732 3120 839 3193 ipsum
875 3121 930 3192 qui
961 3120 1047 3179 hunc
1077 3120 1184 3180 locum
1216 3123 1442 3195 composuerit.

266 3231 333 3304 Quo
354 3231 441 3289 enim
461 3231 529 3290 iure
549 3210 707 3306 Penelope
727 3233 814 3292 istud
834 3228 931 3309 εἰμὲν
951 3231 988 3308 δὴ
1008 3231 1080 3304 θεός
1101 3231 1163 3291 ἐσσι
1180 3235 1282 3293 dicit?
1295 3235 1445 3294 Servavit

267 3345 355 3403 enim
385 3360 442 3418 per
472 3346 578 3404 totum
603 3346 798 3419 colloquium
822 3347 966 3408 Minerva
990 3347 1174 3421 Iphthimae
1198 3347 1345 3424 figuram,
1370 3347 1443 3409 flde-

267 3458 403 3531 literque
427 3461 460 3518 et
483 3461 576 3518 caute
596 3461 636 3518 ad
656 3461 842 3519 extremum
863 3475 965 3533 usque
986 3460 1072 3520 illius
1092 3462 1248 3521 sustinuit
1260 3478 1443 3536 personam.

269 3571 382 3646 „Noli”
407 3571 489 3631 dixit
515 3573 673 3648 „nimium
696 3572 762 3632 filio
786 3575 841 3633 tuo
865 3575 1029 3633 metuere:
1051 3576 1224 3634 comitatur
1244 3591 1319 3634 eum
1340 3577 1443 3650 patro-

266 3701 382 3745 narum
413 3686 536 3760 optima
567 3687 719 3762 Minerva,
755 3703 836 3760 quae
867 3702 953 3746 nunc
980 3704 1034 3747 me
1058 3689 1120 3747 huc
1143 3689 1235 3748 misit
1258 3691 1295 3748 ut
1319 3692 1351 3748 te
1376 3691 1445 3749 eius

266 3801 312 3860 rei
342 3801 482 3859 facerem
515 3801 717 3859 certiorem.'’
749 3801 877 3859 Dixeris
909 3799 1007 3860 fldem
1035 3817 1099 3861 non
1123 3801 1240 3862 habere
1265 3803 1460 3877 Penelopen-

265 3923 304 3995 τῷ
336 3910 466 3996 ἐνυπνίῳ
495 3914 552 3972 sed
576 3915 690 3973 statim
714 3914 871 3988 suspicari
897 3915 1048 3974 callidam
1071 3915 1243 3975 mulierem
1267 3931 1339 3975 eam
1363 3932 1445 3988 quae

266 4042 302 4085 se
334 4042 353 4086 a
376 4027 520 4086 Minerva
542 4027 680 4086 missam
704 4028 790 4088 dicat
813 4029 918 4102 ipsam
943 4028 1122 4088 Minervam
1146 4044 1227 4088 esse.
1252 4029 1338 4088 Nihil
1363 4030 1443 4089 eius-

266 4140 354 4198 modi
374 4141 556 4213 suspicione
575 4141 685 4199 minus
706 4156 778 4200 esse
797 4143 905 4215 potest
925 4151 1150 4216 opportunum.
1173 4143 1336 4216 iphthime
1357 4144 1444 4203 enim

266 4252 322 4311 illa
341 4253 454 4312 Pheris
474 4253 608 4328 habitat,
630 4254 800 4327 subitoque
821 4270 906 4313 nunc
924 4255 1054 4314 Ithacae
1068 4256 1169 4314 adest.
1184 4255 1265 4330 Quid
1278 4257 1389 4316 autem
1404 4292 1443 4300 -

266 4381 344 4424 nam
373 4368 406 4425 et
436 4367 638 4426 somniorum
670 4366 829 4440 quaedam
860 4369 910 4427 est
937 4369 1020 4427 ratio
1046 4402 1085 4410 -
1110 4369 1321 4429 verisimilius
1345 4386 1443 4443 quam

264 4479 419 4539 divinitus
431 4479 570 4539 missam
582 4495 655 4545 eam
668 4482 764 4540 esse?
777 4479 838 4543 Sed
850 4482 1023 4546 mittamus
1036 4483 1124 4560 haec,
1135 4483 1395 4557 quandoquidem
1403 4485 1442 4544 de
