3284 5260
584 1652 843 1763 trena
886 1652 983 1761 IV.

683 1911 876 1920 --——-

242 2099 306 2158 625
331 2111 400 2169 sqq.
426 2101 588 2173 μνηστῆρες
613 2089 645 2154 δὲ
666 2093 813 2174 πάροιθεν
833 2088 996 2173 Ὀδυσσῆος
1018 2095 1155 2175 μεγάροιο

428 2207 573 2268 δίσκοισιν
592 2201 744 2286 ’τέρποντο
767 2205 818 2266 καὶ
841 2205 1013 2292 αἰφανὲφσιν
1037 2206 1126 2280 ἱέντες

431 2319 462 2381 ἕν
483 2331 577 2405 τυκτῷ
602 2319 731 2406 δαπέδῳ,
755 2320 806 2382 ὅθι
829 2343 883 2400 περ
906 2321 1011 2401 πάρος,
1031 2322 1120 2403 ὕβριν
1144 2320 1264 2401 ἔχοντες.

242 2440 295 2500 Sic
329 2455 388 2498 vos
422 2439 526 2514 editis,
566 2441 676 2513 spreta
710 2440 812 2499 altera
846 2439 984 2500 lectione
1020 2436 1137 2518 ἔχεσκον
1171 2456 1227 2514 pro
1251 2435 1370 2516 ἔχοντες.

194 2555 322 2614 Tamen
353 2553 476 2612 adiecto
506 2553 561 2612 illo
592 2551 681 2631 ὕβριν
704 2549 816 2631 ἔχοντες
839 2553 921 2612 mihi
944 2553 1074 2627 quidem
1097 2555 1261 2613 structura
1282 2551 1373 2610 nasci

192 2669 325 2728 videtur
348 2666 387 2726 ab
411 2667 555 2726 oratione
579 2667 752 2727 Homerica
776 2682 874 2740 quarn
898 2667 1107 2726 alienissima.
1134 2667 1195 2727 Sed
1218 2668 1279 2725 hoc
1298 2680 1371 2738 quo-

191 2783 286 2841 niam
317 2781 357 2840 ad
387 2797 482 2841 aures
512 2781 662 2857 pertinet,
696 2782 897 2856 argumentis
929 2782 1151 2842 demonstrare
1183 2781 1276 2840 aliter
1302 2795 1372 2839 sen·

191 2894 352 2954 tientibus
386 2910 427 2954 ne
462 2895 600 2954 conabor
634 2895 775 2968 quidem.
811 2895 895 2954 illud
928 2911 1005 2980 vero
1036 2895 1108 2969 quis
1140 2910 1240 2968 aequo
1264 2894 1372 2953 anime

192 3009 289 3083 ferat,
323 3023 397 3067 cum
427 3008 600 3082 praecedat
629 3024 744 3067 versus
767 3008 901 3068 vocibus
925 3005 1098 3091 αἰγανέῃσιν
1121 3003 1210 3079 ἱέντες
1235 3007 1373 3081 clausus

192 3123 387 3196 sequentem
410 3137 536 3196 quoque
558 3137 691 3182 versum
715 3123 749 3181 in
772 3122 980 3197 participium
1004 3122 1117 3182 exire?

245 3349 309 3410 638
335 3365 381 3423 sq.
417 3349 503 3408 Dum
533 3350 649 3408 ludunt
679 3349 766 3424 proci
798 3351 921 3410 accedit
951 3351 991 3410 ad
1022 3366 1077 3410 eos
1104 3350 1259 3425 Noemon,
1285 3307 1378 3408 cuius

201 3478 287 3522 nave
328 3463 491 3537 profectus
529 3464 580 3522 est
613 3462 835 3538 Telemachus
872 3464 973 3537 deque
1007 3463 1094 3523 iilius
1129 3463 1170 3522 ad
1205 3463 1376 3543 Nestorem

201 3576 320 3636 itinere
345 3577 497 3636 certiores
521 3591 576 3635 eos
600 3575 687 3635 facit.
713 3576 879 3650 Sequitur:

428 3679 467 3760 ὧς
487 3681 589 3765 ἔφαθ’,
610 3689 639 3748 οἳ
658 3681 687 3747 δ’
710 3685 768 3746 ιἰνὰ
786 3687 889 3766 θυμὸν
909 3686 1068 3768 ἐθάμβεον·
1093 3687 1128 3749 οὐ
1149 3687 1204 3768 γὰρ
1221 3687 1330 3765 ἔφαντο

429 3799 457 3872 ἒς
481 3801 586 3861 Πύλον
608 3800 742 3880 οἴχεσθαι
764 3802 913 3881 Νηλήϊον,

204 3915 381 3989 Corruptus
405 3916 490 3975 haud
515 3915 608 3975 dubie
632 3916 685 3975 hic
707 3916 813 3975 locus:
838 3915 1018 3977 infinitivus
1042 3917 1129 3976 enim
1152 3915 1287 3994 οἴχεσθαι
1305 3917 1376 3976 sub-

204 4031 289 4092 iecto
314 4045 421 4089 carere
444 4045 509 4089 non
531 4031 655 4104 petest;
680 4030 736 4088 sed
760 4029 838 4089 illud
862 4046 881 4089 a
901 4031 992 4090 vobis
1011 4031 1212 4105 propositum
1232 4027 1308 4104 ἔφαν
1328 4027 1379 4089 τόν

205 4143 467 4216 ingratissimum
498 4143 772 4217 durissimumque
802 4144 939 4203 videtur.
964 4143 1083 4204 Veram
1106 4143 1279 4202 lectionem
1303 4143 1379 4202 alte·

205 4257 275 4315 rius
308 4256 381 4315 vitii
416 4256 597 4316 observatio
636 4258 751 4330 sponte
786 4260 946 4332 suggeret.
982 4258 1094 4317 Nonne
1128 4257 1216 4316 eninr
1251 4256 1380 4316 absurdi

207 4369 328 4443 aliquid
355 4369 441 4429 inest
464 4370 495 4430 in
520 4370 581 4429 hac
604 4370 840 4429 sententiarum
864 4371 1082 4445 copulatione:
1110 4371 1380 4444 „obstupuerunt:

208 4499 273 4542 non
297 4483 406 4542 enim
429 4483 602 4543 credebant
625 4498 700 4541 eum
724 4483 841 4557 Pylum
865 4484 1029 4543 abiisse'’?
1054 4483 1151 4558 Quasi
1173 4499 1250 4543 vero
1274 4485 1382 4558 ipsum

1287 4589 1301 4631 2
