3310 5262
842 630 903 688 122

331 820 394 879 465
430 836 498 893 sqq.
534 820 642 880 Poena
672 819 820 894 capitalis
851 835 870 878 a
900 818 1093 878 Telemacho
1124 819 1163 878 de
1194 817 1301 877 infidis
1332 817 1463 890 sumpta

287 933 413 993 ancillis
437 933 484 993 sic
507 933 715 993 describitur:

906 1049 1014 1121 πεῖσμα
1036 1043 1103 1116 νεὸς
1126 1042 1353 1126 κυανοπρῴροιο

464 1157 565 1230 κίονος
590 1155 703 1235 ἐξάψας
727 1157 854 1237 μεγάλης
877 1156 1033 1236 περίβαλλε
1055 1157 1171 1235 θόλοιο,

467 1267 560 1346 ὑψόσ’
587 1269 797 1346 ἐπεντανύσας,
819 1269 875 1331 ατὲ.

332 1387 412 1462 Quid
442 1387 495 1445 hic
525 1385 582 1445 fiat
611 1386 678 1444 fere
710 1385 863 1461 intelligo,
896 1401 958 1459 quo
989 1387 1085 1446 modo
1116 1387 1241 1446 dicatur
1264 1401 1328 1446 non
1351 1385 1462 1445 video:

287 1500 500 1560 Telemachus
534 1499 668 1574 longum
698 1500 811 1559 funem
842 1500 955 1574 alligat
986 1501 1154 1559 columnae
1186 1500 1244 1559 alti
1274 1499 1372 1572 tholi;
1404 1499 1465 1558 hoc

287 1612 502 1688 perspicuum.
538 1612 659 1671 Deinde
694 1612 787 1670 illurn
821 1612 934 1672 funem
969 1612 1095 1672 ancillis
1130 1613 1318 1687 circumdat,
1352 1612 1398 1671 ita
1428 1614 1465 1672 ut

287 1726 424 1799 singulis
455 1741 497 1786 ex
528 1726 583 1785 illo
613 1726 689 1786 fune
719 1726 815 1786 iactis
846 1727 971 1800 laqueis
1001 1727 1130 1800 singula
1157 1727 1347 1786 inhaereant
1371 1726 1462 1786 colla.

287 1839 387 1900 Paulo
422 1840 509 1900 enirn
540 1841 614 1913 post
644 1840 800 1913 legimus:
833 1837 910 1917 ἀμφὶ
940 1835 972 1898 δὲ
1003 1839 1086 1922 δειρῇ
1105 1838 1226 1922 ,πάσῃσι
1256 1838 1357 1918 βρόχοι
1388 1831 1465 1921 ᾖσαν

289 1958 347 2024 (vs.
384 1955 447 2014 471
484 1957 553 2029 sq),
586 1970 689 2027 neque
721 1955 899 2014 verisimile
930 1955 1042 2014 funem
1074 1955 1167 2015 illum
1197 1954 1299 2014 trisse
1329 1953 1466 2027 patibuli

288 2068 391 2127 instar
411 2067 462 2127 cui
482 2068 587 2140 laquei
608 2083 650 2127 ex
670 2069 838 2128 duodecim
859 2069 918 2138 (tot
938 2069 1026 2128 enim
1046 2071 1138 2128 erant
1158 2068 1304 2137 ancillae)
1325 2067 1466 2127 restibus

288 2181 366 2239 facti
397 2181 655 2240 annecterentur.
687 2181 780 2256 Tum,
813 2183 850 2240 ut
880 2197 994 2241 omnes
1025 2182 1123 2241 simul
1150 2182 1333 2256 suffocaret,
1358 2183 1465 2241 toturn

288 2295 400 2353 funem
435 2294 467 2352 in
501 2294 604 2353 altum
635 2295 781 2370 attrahit,
814 2296 897 2368 quod
928 2295 975 2354 sic
1005 2295 1128 2354 facturn
1160 2294 1262 2370 fingo:
1294 2296 1381 2356 funis
1412 2295 1467 2354 ille

289 2423 475 2467 summae
506 2408 612 2468 fuerat
642 2409 812 2468 columnae
844 2409 995 2482 alligatus
1027 2412 1059 2468 et
1090 2411 1163 2469 inde
1187 2409 1401 2484 dependebat;
1427 2409 1466 2468 ab

289 2538 326 2581 eo
357 2525 468 2582 autern
498 2522 585 2582 funis
615 2523 684 2583 loco
715 2537 777 2594 quo
808 2523 874 2581 fere
904 2523 1103 2595 pertinerent
1126 2523 1317 2592 ancillarum
1340 2522 1467 2581 humeri

289 2635 396 2708 laquei
426 2634 496 2695 fieri
527 2637 640 2712 coepti,
677 2637 731 2708 qui
762 2651 836 2695 curn
869 2636 959 2696 collis
991 2637 1101 2695 essent
1132 2635 1340 2710 circumiecti,
1366 2637 1468 2695 altera

289 2747 376 2806 funis
417 2764 492 2822 pars
535 2751 571 2808 ut
614 2750 652 2809 de
694 2749 785 2809 trabe
829 2751 977 2826 quadam,
1022 2749 1191 2810 columnae
1229 2749 1276 2809 illi
1311 2749 1465 2824 opposita,

290 2861 483 2935 dependeret
518 2863 625 2922 effecit
659 2863 881 2940 Telemachus,
914 2865 971 2923 aut
1001 2864 1088 2923 iactu
1119 2879 1236 2923 manus
1268 2865 1325 2922 aut
1348 2863 1383 2922 in
1405 2865 1467 2921 tec·

290 2979 361 3036 tum
403 2978 484 3036 tholi
527 2979 737 3053 ascendendo,
774 2980 1031 3053 pendentemque
1066 2995 1184 3053 magno
1220 2978 1361 3052 corporis
1395 2977 1469 3037 nisu

291 3091 433 3150 detraxit
474 3094 507 3151 et
541 3108 638 3166 prope
669 3093 807 3152 humum
838 3093 985 3166 alligavit
1016 3093 1107 3152 clavo
1138 3093 1308 3151 annulare.
1341 3092 1403 3150 Sed
1434 3092 1471 3150 ut

290 3204 366 3264 huic
407 3206 613 3280 descriptioni
655 3207 754 3265 verba
787 3207 1026 3282 responderent,
1063 3206 1233 3265 dicendum
1269 3206 1355 3264 erat:
1390 3225 1470 3278 περι-

291 3316 468 3396 βαλὼν...
499 3312 590 3393 όψόσ’
625 3317 800 3378 ἕπενιολνυσε
833 3322 889 3379 aut
920 3319 1153 3398 περίβαλλε....
1185 3315 1234 3377 καὶ
1266 3312 1360 3392 ὑψόσ’
1387 3316 1469 3376 ἐπεν-

291 3431 406 3492 αλνοσε.
447 3434 497 3493 Ex
538 3432 770 3511 περίβαλλε....
813 3428 906 3506 ὑψόσ’
952 3431 1150 3504 ἐπεντανύσας
1192 3433 1318 3493 nullum
1352 3448 1470 3492 sanum

292 3562 426 3606 sensum
468 3548 621 3608 extundo.
668 3547 719 3606 An
760 3547 843 3606 forte
886 3545 982 3616 ὑψόσε
1024 3541 1044 3605 ι’
1081 3544 1239 3604 §viduvon
1274 3546 1471 3619 legendum?

292 3661 375 3720 Nam
411 3662 444 3720 in
479 3661 622 3721 carmine
661 3677 769 3720 rerum
804 3661 1003 3720 mirabilium
1038 3662 1132 3734 pleno
1167 3661 1239 3735 quis
1274 3675 1337 3719 non
1369 3675 1471 3733 aequo

293 3777 401 3836 animo
436 3777 520 3836 ferat
554 3776 593 3835 ab
625 3791 688 3835 uno
720 3776 912 3835 Telemacho
944 3775 1112 3835 duodecim
1144 3774 1278 3834 ancillas
1309 3774 1408 3833 simul
1439 3775 1472 3833 in

293 3890 396 3949 altum
420 3890 530 3949 trahi?

339 4116 403 4174 482
427 4131 495 4188 sqq.
520 4115 658 4188 Ulysses
681 4115 873 4189 Eurycleam
897 4117 930 4173 et
954 4115 1017 4174 alia
1037 4114 1126 4174 iubet
1150 4116 1182 4173 et
1205 4114 1303 4173 haec:

1007 4225 1215 4305 Πηνελόπειαν

518 4335 648 4419 ἕλθὲμεν’
674 4336 781 4401 ἐνθάδ’
808 4337 924 4420 όόνωχθι
948 4340 1005 4401 σὺν
1029 4339 1223 4418 ἀμφιπόλοισι
1246 4339 1376 4421 γυναιξί·

517 4454 615 4528 πόσας
639 4449 667 4514 δ’
694 4451 820 4534 ότρννον
846 4451 946 4539 δμῳὰς
969 4452 1044 4514 ιιατόι
1067 4454 1151 4533 δῶμα
1174 4451 1304 4515 νέεσθαι.
