3310 5262
868 649 910 708 80

306 838 404 898 ceteri
435 853 549 897 omnes
579 837 721 911 graviter
750 837 895 897 tulerunt
925 837 972 896 sio
994 836 1152 897 miserum
1175 837 1361 897 mendicum
1385 837 1479 898 affec·

305 952 378 1010 tum
400 951 533 1011 iniuria:
1321 927 1322 930 ¹

484 1054 541 1122 ὦδε
565 1059 597 1121 δέ
618 1084 661 1133 τις
692 1062 829 1121 λείπεσκε
851 1058 927 1122 νέων
950 1059 1220 1142 ὑπερηνορεόντων·

487 1169 636 1252 ηᾺντίνό,
660 1170 696 1235 οὐ
720 1172 774 1252 μὲν
797 1171 856 1235 κάλ’
884 1174 984 1255 ἔβαλες
1008 1177 1157 1254 δύστηνον
1181 1175 1300 1256 ἀλήτην·

373 1290 438 1349 484
485 1284 614 1366 ὀλόμεν’,
635 1289 662 1348 εἰ
684 1287 722 1367 δή
744 1289 804 1350 πού
827 1312 869 1361 τις
893 1287 1070 1369 ἐπουράνιος
1093 1289 1165 1362 θεός
1188 1288 1255 1350 ἐστι.

351 1403 418 1461 Aut
449 1404 635 1476 corruptum
665 1406 716 1463 est
747 1420 861 1464 versus
889 1405 953 1464 484
978 1405 1108 1464 initium
1132 1407 1188 1464 aut
1212 1405 1266 1479 qui
1289 1405 1381 1465 illum
1404 1405 1484 1464 fecit

309 1531 420 1574 veram
450 1517 519 1574 vim
547 1516 636 1576 vocis
659 1512 798 1592 ὀλόμενος
821 1517 989 1592 ignorabat
1012 1519 1045 1577 et
1068 1513 1187 1594 ὀλόμενε
1210 1517 1271 1577 hoo
1293 1518 1359 1577 fere
1383 1532 1485 1576 sensu

307 1629 431 1702 posuit:

532 1759 549 1803 o
573 1745 723 1820 periture,
749 1746 867 1818 tuaque
891 1745 964 1804 aliis
988 1745 1139 1819 exempla
1162 1746 1275 1804 dature

530 1860 644 1918 morte.

354 1973 437 2032 Nam
468 1972 516 2031 sio
546 1973 679 2031 demum
709 1974 795 2031 recte
827 1971 1026 2046 adiungitur:
1062 1972 1110 2046 „si
1141 1971 1213 2045 quis
1244 1972 1279 2031 in
1305 1971 1391 2032 coelo
1414 1986 1486 2045 reg-

310 2088 367 2145 nat
390 2086 501 2146 deus.”

356 2312 419 2371 513
451 2327 520 2385 sqq.
552 2313 645 2371 Iubet
666 2313 846 2371 Eumaeum
870 2312 1028 2386 Penelope
1051 2312 1237 2371 mendicum
1260 2311 1362 2387 illum,
1387 2326 1488 2385 quem

312 2425 490 2500 adduxerit,
517 2426 611 2484 adse
631 2425 778 2485 mittere:
800 2440 914 2500 cupere
934 2427 1021 2485 enim
1042 2441 1077 2484 se
1097 2426 1135 2485 de
1154 2425 1274 2499 Ulysse
1293 2441 1368 2485 eum
1388 2425 1487 2484 inter-

312 2554 434 2613 rogare,
459 2539 535 2612 quia
557 2539 699 2612 speeiem
722 2553 798 2612 prae
822 2553 857 2597 se
881 2539 964 2598 ferat
986 2539 1136 2614 hominis
1162 2540 1216 2612 qui
1239 2538 1380 2598 multum
1401 2541 1476 2597 erra

312 2651 396 2710 verit
420 2650 587 2725 multaque
610 2651 737 2711 viderit.
762 2652 823 2711 Hic
846 2651 1008 2712 Eumaeus
1031 2653 1219 2726 respondet:

489 2764 516 2824 εἰ
536 2763 591 2845 γάρ
614 2787 668 2843 τοι,
690 2763 833 2843 βασίλεια,
856 2763 1036 2843 σιωπήσειαν
1058 2765 1175 2843 Ἀχαιοί·

490 2870 529 2937 οἷ’
557 2876 573 2937 ό
595 2900 627 2958 γε
651 2875 801 2956 μυθέεται,
823 2875 957 2959 θέλγοιτό
981 2876 1014 2938 κέ
1036 2900 1080 2938 τοι
1104 2878 1192 2955 φίλον
1214 2869 1294 2958 ήτορ.

489 2995 565 3068 τρεῖς
587 2989 642 3071 γὰρ
666 2991 704 3069 δή
728 3015 779 3069 μιν
802 2992 911 3064 νύκτας
934 2989 1010 3070 ἕχον,
1033 2990 1098 3072 τρία
1122 2987 1150 3052 δ’
1177 2987 1264 3070 ήματ’
1291 2990 1379 3072 ἔρυξα

491 3102 522 3164 ἒν
545 3105 649 3188 κλισίη
673 3113 790 3185 πρῶτον
812 3103 868 3185 γὰρ
892 3099 932 3184 ἔμ’
958 3105 1034 3166 ἵκετο
1057 3103 1130 3184 νηὸς
1153 3102 1294 3185 ἀποδράς·

491 3213 549 3277 ἀλλ’
576 3215 612 3278 ob
636 3239 682 3279 πω
705 3219 851 3297 κακότητα
875 3218 997 3297 διήνυσε
1020 3217 1082 3295 όήν
1105 3216 1266 3298 ἀγορεύων.

358 3332 421 3392 Gur
451 3330 517 3410 ἔχον
548 3333 581 3391 in
611 3333 799 3408 imperfecto
830 3335 863 3393 et
893 3330 981 3412 ἔρυξα
1013 3333 1046 3394 in
1074 3334 1218 3393 aoristo?
1240 3335 1280 3394 Et
1303 3334 1378 3407 quid
1401 3335 1488 3394 inter

314 3447 394 3506 haec
425 3447 522 3506 verba
552 3447 712 3506 interest?
742 3447 828 3506 Nihil
859 3447 955 3522 aliud,
985 3447 1023 3506 ut
1052 3448 1173 3522 opinor,
1198 3462 1296 3522 quam
1320 3447 1403 3521 quod
1426 3447 1488 3507 hoc

314 3561 496 3620 rectissime
533 3561 676 3634 positum
715 3564 774 3636 est,
817 3561 895 3621 illud
929 3577 1005 3621 vero
1039 3561 1251 3635 ineptissime.
1288 3560 1365 3636 Quis
1399 3544 1489 3620 enirn

314 3690 457 3748 unquam
477 3675 525 3734 sic
542 3674 669 3734 locutus
689 3677 756 3734 est:
777 3667 855 3752 εἶχον
873 3671 925 3733 τὸν
945 3671 1053 3746 pirou?
1072 3676 1118 3734 At
1136 3675 1211 3748 quid
1227 3674 1280 3735 hio
1291 3674 1490 3748 requiritur?

315 3788 491 3848 Videamus
518 3803 600 3861 quae
622 3789 834 3872 praecedunt:
861 3803 978 3862 „quam
1001 3789 1047 3864 tu,
1072 3787 1193 3863 regina,
1218 3786 1356 3861 hospitis
1378 3801 1487 3847 narra-

207 3927 208 3932 *
314 3901 457 3961 tionibus
487 3902 729 3962 delectaberis.”
762 3901 842 3975 Quid
872 3901 964 3975 sequi
994 3902 1112 3961 debet?
1142 3901 1282 3975 Nempe:
1314 3902 1489 3978 „expertus

315 4015 376 4074 hoc
406 4015 486 4091 dim,
517 4030 595 4074 nam
626 4030 698 4089 ego
728 4029 784 4088 per
814 4017 881 4074 tres
908 4015 1020 4075 noctes
1047 4015 1178 4088 diesque
1201 4017 1388 4075 narrantem
1412 4029 1488 4074 eum

315 4128 540 4189 lubentissime
575 4129 699 4188 audivi:
736 4130 769 4188 et
802 4145 842 4188 ne
876 4129 931 4188 illo
966 4128 1095 4202 quidem
1125 4130 1282 4203 temporis
1312 4129 1417 4203 spatio
1448 4128 1489 4187 ad

316 4241 415 4301 finem
438 4244 605 4318 pervenire
629 4242 766 4316 potuit.”
790 4242 875 4316 Lege
899 4258 973 4317 ergo

494 4360 568 4435 τρεῖς
591 4354 646 4436 γὰρ
670 4355 708 4433 δή
732 4378 782 4432 μιν
804 4355 913 4427 νύκτας
937 4353 993 4435 ἐγὼ
1016 4354 1081 4434 τρία
1103 4347 1128 4413 τ’
1154 4348 1242 4432 ἤματ’
1270 4352 1358 4433 ἔρυξα

317 4486 373 4545 pro
397 4470 606 4545 frigidissimo
630 4471 714 4530 dioto
738 4469 976 4544 lepidissimum
1000 4468 1142 4529 habebis
