3270 5262
828 628 847 683 6

249 817 441 876 differre.
467 817 519 875 Sic
543 816 603 874 hoc
626 816 695 877 loco
719 814 932 874 Telemachus
952 815 1114 890 hospitem
1135 818 1167 876 in
1187 818 1272 878 hunc
1291 821 1425 879 modum

249 934 439 1006 alloquitur:
474 932 559 1006 „noli
588 931 669 990 mihi
702 945 842 1006 narrare,
875 931 1002 1006 hospes,
1028 932 1104 1005 quid
1128 933 1190 992 huc
1213 934 1343 1006 venias;
1367 936 1424 994 sed

248 1049 336 1122 prius
364 1047 470 1106 asside
494 1049 527 1106 et
549 1061 678 1105 mecum
704 1060 819 1117 coena;
844 1045 967 1120 deinde,
994 1046 1063 1106 cibo
1086 1048 1226 1121 potuque
1249 1050 1423 1125 recreatus,

248 1164 371 1222 otiosus
405 1176 579 1221 narrare
614 1158 778 1233 poteris
815 1160 890 1232 quid
925 1160 984 1219 tibi
1018 1161 1131 1222 velis.’'
1164 1162 1353 1224 conferatur
1382 1165 1421 1240 A,

251 1279 313 1338 140
336 1293 401 1350 sq:

425 1384 481 1449 ἀλλ’
508 1379 573 1467 ἦτοι
595 1383 649 1466 μὲν
671 1395 763 1448 ταῦτα
786 1387 1056 1468 μεταφρασόμεσθα
1078 1387 1128 1449 καὶ
1151 1382 1251 1474 αὖθις·

424 1511 482 1562 νῦν
506 1498 533 1562 δ’
561 1499 612 1582 ι’ίγε
635 1510 694 1580 νῆα
718 1498 860 1579 μέλαιναν
884 1499 1045 1583 ἐρύσσομεν
1069 1503 1110 1576 είς
1134 1503 1190 1564 itta
1213 1506 1290 1566 δῖαν.

245 1621 300 1680 ubi
330 1618 415 1678 haud
445 1618 540 1678 dubie
570 1617 716 1676 futurum
747 1619 798 1676 est
828 1615 1104 1695 μεταφρασόμεσθα.
1134 1620 1204 1679 Hoc
1227 1622 1314 1681 enim
1338 1623 1419 1697 Aga-

246 1749 401 1794 memnon
435 1733 528 1792 dicit:
567 1733 729 1807 „primurn
763 1732 795 1791 id
829 1731 913 1806 quod
947 1734 1092 1793 maxime
1128 1737 1220 1809 urget
1250 1736 1418 1815 faciamus

247 1849 493 1923 Apollinemque
528 1847 711 1920 placemus;
748 1849 819 1906 tum
854 1848 905 1906 dei
942 1863 1020 1922 pace
1051 1848 1227 1923 impetrata
1257 1852 1358 1924 quieti
1389 1855 1421 1912 et

246 1963 358 2025 sedato
389 1961 498 2021 animo
526 1961 564 2020 de
589 1962 707 2021 damno
730 1976 804 2022 meo
828 1962 1065 2035 compensando
1090 1962 1331 2024 deliberare
1362 1981 1420 2040 po-

245 2076 458 2140 terimus.'’
481 2075 542 2134 Sed
562 2075 687 2135 nullum
712 2077 761 2135 est
784 2075 979 2136 luculentius
1004 2075 1193 2150 exemplum
1216 2093 1313 2151 quam
1338 2079 1421 2151 quod

247 2194 365 2269 legitur
388 2216 418 2270 p,
442 2192 483 2250 23
508 2207 595 2265 sqq:
1182 2178 1185 2185 ’

446 2299 503 2364 ἀλλ’
530 2298 603 2384 ἄγετ’
630 2300 741 2363 ἐσθίετε
763 2303 887 2382 βρώμην
909 2302 958 2364 καὶ
983 2304 1079 2365 πίνετε
1101 2306 1209 2365 ίοῐνον

445 2409 521 2478 αὖθι
543 2414 731 2496 πανημέριοι,
753 2415 814 2495 apa
838 2411 865 2476 δ’
892 2414 941 2495 ηόι
965 2415 1171 2497 φαινομένηφι

445 2530 616 2598 πλεύσεσθε.

289 2643 442 2708 Dicebam
474 2661 570 2720 saepe
597 2647 820 2706 huiuscemodi
843 2647 930 2706 locos
954 2646 994 2706 ab
1018 2645 1177 2720 imperitis
1197 2649 1421 2720 grammaticis

244 2767 290 2824 ita
314 2763 479 2836 corruptos
502 2763 540 2820 ut
562 2776 618 2835 pro
642 2760 760 2818 futuris
780 2760 991 2833 imperativos
1003 2762 1168 2834 ponerent.
1190 2761 1319 2834 Insigne
1339 2762 1419 2821 dabo

245 2876 442 2951 exemplum,
468 2875 551 2949 quod
576 2875 679 2934 adhuc
703 2889 722 2933 a
746 2874 866 2934 criticis
890 2875 1074 2948 neglectum
1097 2874 1241 2934 videtur:

288 2991 524 3051 Demosthenes
556 2987 639 3060 (κατὰ
669 2987 821 3047 Φιλίππου
848 2990 877 3048 Α
901 3006 930 3063 p.
956 2989 1009 3058 48)
1034 2990 1193 3062 quomodo
1217 2990 1338 3050 bellum
1362 2990 1423 3050 sibi

243 3107 419 3182 gerendum
450 3104 599 3164 videatur
627 3104 776 3179 exponit;
801 3105 880 3178 quot
903 3103 1062 3163 militibus
1086 3106 1119 3163 et
1141 3105 1263 3178 quanta
1286 3105 1422 3177 pecunia

243 3239 323 3297 opus
354 3222 398 3280 sit
429 3219 606 3294 significat;
640 3220 916 3294 computationem
950 3235 1044 3279 suam
1075 3220 1191 3280 recitat
1217 3219 1269 3278 vel
1293 3220 1422 3280 recitari

244 3338 341 3397 iubet.
367 3335 428 3395 Sed
452 3336 562 3395 omnia
587 3335 666 3394 haec
691 3338 799 3396 orator
822 3336 994 3395 adumbrat
1017 3334 1253 3410 tantummode,
1279 3336 1422 3395 nondum

243 3453 392 3512 accurate
404 3452 509 3510 totam
524 3465 594 3509 rem
607 3450 832 3510 consideravit.
846 3450 928 3524 Ergo
941 3448 1034 3508 finita
1046 3451 1234 3509 recitatione
1246 3449 1293 3509 sic
1302 3450 1421 3524 pergit:

288 3563 307 3625 ἃ
338 3561 391 3643 μὲν
421 3561 505 3642 ἡμεῖς
537 3556 559 3623 ὦ
586 3561 692 3642 ἄνδρες
711 3559 870 3641 Ἀθηναῖοι
894 3562 1085 3639 δεδυνήμεθα
1111 3561 1206 3640 εὑρεῖν
1231 3557 1307 3622 ταῦτ’
1335 3560 1421 3622 ἐστίν·

242 3676 362 3739 ἐπειδὰν
382 3674 414 3738 δὲ
432 3675 664 3757 ἐπιχειροτονῆτε
682 3675 733 3748 τὰς
753 3676 884 3756 γνώμας,
902 3673 921 3735 t
942 3673 979 3734 liv
996 3674 1068 3754 ὑμῖν
1080 3672 1188 3758 ἀρίστη
1201 3677 1422 3754 χειροτονήσατε

242 3792 291 3852 ἵνα
311 3790 351 3870 μὴ
372 3790 466 3870 μόνον
486 3795 567 3862 (τοῖς)
588 3790 761 3868 ψηφίσμασι
780 3787 831 3849 καὶ
852 3793 934 3861 (ταῖς)
948 3786 1111 3860 ἐπιστολαῖς
1123 3793 1266 3867 πολεμῆτε
1281 3790 1422 3875 Φιλίππῳ

241 3903 388 3965 ἀλλὰκαὶ
412 3909 492 3977 (τοῖς)
519 3902 646 3984 ἐργοις.”

285 4021 434 4080 Absurda
466 4020 548 4078 haec
578 3990 743 4078 ridentur.
781 4018 860 4093 Quid
896 4018 1007 4076 enirn?
1042 4017 1280 4077 Deceruere
1316 4018 1421 4092 quod

240 4135 409 4209 placeat
440 4135 625 4210 (χειροτονεῖν
653 4127 672 4188 a
703 4126 741 4189 dv
772 4128 902 4212 ἀρέσκῃ),
936 4132 1027 4189 estne
1052 4131 1112 4190 hoc
1135 4131 1202 4190 fere
1226 4131 1312 4191 idem
1336 4133 1421 4204 quod

239 4248 470 4307 decernere
506 4247 612 4319 quod
648 4246 871 4320 oporteat?
902 4245 991 4304 Haec
1022 4245 1133 4303 tamen
1165 4260 1250 4303 nunc
1282 4246 1420 4304 oratoris

239 4362 403 4422 sententia
433 4361 569 4420 videtur.
596 4361 655 4436 Qui
679 4362 766 4420 enirn
790 4360 883 4418 dicit:
911 4359 1092 4434 „decernite
1116 4346 1199 4431 quod
1223 4360 1357 4435 placeat,
1383 4363 1420 4419 ut

239 4491 306 4534 non
325 4474 531 4550 populiscitis
551 4475 770 4550 epistolisque,
792 4474 848 4532 sed
869 4473 925 4542 (ita
939 4475 976 4531 ut
988 4489 1068 4547 opus
1081 4475 1140 4543 est)
1154 4473 1250 4532 rebus
1262 4473 1420 4546 factisque
