3270 5262
869 661 911 722 46

349 849 412 910 298
525 845 575 908 καὶ
598 847 708 926 Λήδην
732 846 835 908 &fider
859 847 913 926 τὴν
940 823 1120 927 Τυνδαρέου,
1136 847 1311 929 παράκοιτιν

348 963 458 1023 Attica
481 963 569 1038 haec,
594 979 659 1022 non
683 963 782 1038 epica.
807 963 946 1023 Versum
970 963 1016 1022 ita
1039 965 1277 1024 emendandum
1302 979 1417 1024 censeo
1443 967 1481 1024 ut

304 1076 459 1137 articulus
482 1074 536 1152 τήν
558 1076 701 1136 tollatur.

246 1357 251 1368 ,
350 1303 413 1363 305
441 1317 488 1375 sq.
534 1299 589 1378 τὴν
613 1298 644 1361 δὲ
668 1297 723 1379 μετ’
746 1297 926 1380 Ἰφιμέδειαν
951 1307 1075 1380 Ἀλωῆος
1097 1303 1272 1383 παράκοιτιν

538 1413 675 1494 intrav,
696 1411 715 1493 ἣ
740 1415 777 1494 δὴ
801 1415 911 1493 ἔφασκε
934 1417 1123 1478 Ποσειδάωνι
1145 1426 1276 1498 μιγῆναι.

304 1527 430 1605 tadone:
452 1545 569 1604 ergone
588 1545 704 1590 verum
724 1529 802 1590 illud
822 1547 887 1591 non
907 1533 985 1607 erat,
1006 1532 1072 1592 sed'
1084 1532 1154 1606 ipsa
1173 1531 1235 1591 sibi
1252 1547 1269 1592 e
1285 1531 1482 1591 mortalibus

305 1644 486 1703 amatorem
517 1643 622 1720 elegit,
656 1643 770 1703 deinde
801 1644 935 1718 gravida
964 1645 1060 1721 iacta,
1085 1659 1125 1704 ne
1150 1660 1169 1704 a
1191 1645 1319 1720 marito,
1345 1645 1400 1719 qui
1425 1646 1482 1705 diu

305 1757 422 1816 absens
453 1757 578 1832 fuisset,
612 1757 761 1816 adulterii
792 1757 1045 1833 insimularetur,
1079 1773 1152 1817 oum
1177 1758 1325 1833 Neptuno
1349 1773 1384 1817 se
1408 1775 1482 1819 rem

305 1870 457 1930 habuisse
487 1868 583 1930 finxit
615 1871 730 1930 callida
760 1872 900 1931 mulier?
932 1871 976 1930 At
1002 1873 1126 1946 peperit
1149 1870 1242 1948 filios,
1268 1888 1348 1947 quos
1371 1873 1483 1946 quivis

305 1984 343 2042 de
366 1973 424 2043 d'eo
449 1986 620 2058 conceptos
643 1986 848 2058 agnosceret:

525 2095 663 2176 ἐννέωροι
685 2097 741 2177 γάρ
764 2097 810 2157 τοί
830 2119 863 2177 γε
886 2095 935 2156 καὶ
959 2095 1148 2175 ἐννεαπήχεες
1172 2089 1258 2176 ἦσαν,

305 2216 346 2288 et,
368 2214 396 2273 si
416 2215 456 2273 ad
479 2213 624 2272 adultam
648 2199 1048 2288 pervenissent'aetatem,
1075 2214 1181 2286 ipsum
1206 2214 1317 2272 lovem
1342 2216 1481 2273 ceteros·

306 2342 366 2400 que
398 2328 474 2386 deos
502 2327 540 2385 de
564 2341 623 2385 suo
647 2327 862 2390 detrusissent
887 2327 1033 2399 Olympo.
1059 2326 1138 2385 Vide
1162 2341 1244 2398 quae
1268 2327 1306 2385 de
1332 2327 1482 2386 versibus

307 2441 481 2500 235-259
507 2439 755 2513 disputavimus

350 2666 414 2724 386
450 2679 518 2738 sqq.
554 2663 674 2723 Audita
707 2663 837 2736 Ulyssis
871 2663 1055 2724 narratione
1090 2664 1322 2739 obstupescunt
1353 2680 1479 2724 omnes.

305 2777 450 2836 Tandem
473 2778 580 2850 Arete,
606 2776 790 2835 Phaeacum
815 2777 934 2851 regina,
959 2778 1040 2836 haec
1062 2776 1219 2850 loquitur:

531 2890 670 2967 Φαίηκες,
691 2898 754 2960 πῶς
778 2882 849 2966 ὗμιν
875 2887 950 2968 ἀνὴρ
976 2887 1025 2949 ὅδε
1049 2891 1185 2966 φαίνεται
1209 2883 1285 2950 εἶναι

528 3000 629 3073 isidor
652 3023 681 3060 τε
705 3000 829 3081 μέγεθός
853 3024 881 3062 τε
905 2998 949 3062 ἰδὲ
973 3000 1084 3079 φρένας
1109 3002 1197 3064 ἔνδον
1221 3001 1339 3076 εἨσας;

529 3116 623 3188 ξεῖνος
647 3110 674 3175 δ’
702 3106 761 3176 αὖτ’
790 3115 858 3193 ἐμός
882 3115 950 3193 ἐστι,
971 3115 1115 3189 άὲκαστος
1140 3112 1169 3177 δ’
1195 3116 1302 3197 ἔμμορε
1325 3127 1419 3196 τιμῆς.

351 3231 418 3305 Quo
441 3231 536 3290 modo
560 3230 625 3289 iste
645 3227 789 3301 νέκαστος
813 3225 841 3288 δ’
869 3229 975 3307 ἔμμορε
995 3238 1079 3308 τιμῆς
1100 3232 1321 3306 accipiamus?
1342 3235 1393 3293 An
1414 3235 1479 3294 sio:

309 3345 549 3421 ,unusquisque
581 3347 771 3422 vestrum
795 3345 902 3418 aliquo
929 3346 1050 3406 honore
1073 3346 1218 3420 iungitur
1242 3349 1272 3416 (a
1295 3363 1369 3422 rege
1394 3349 1480 3415 dato)

307 3474 324 3517 e
348 3475 409 3532 quo
433 3458 513 3518 lucri
537 3458 662 3518 affatim
686 3459 885 3533 pereipiat?'’
910 3459 979 3519 Ηοο
1003 3459 1124 3519 dixeris
1147 3462 1276 3534 propter
1299 3462 1478 3536 sequentia,

307 3588 443 3645 quorum
478 3572 558 3631 haec
593 3575 643 3631 est
677 3572 743 3631 iere
786 3574 965 3632 sententia:
1004 3588 1098 3648 ,ergo
1135 3575 1326 3646 quantocius
1359 3575 1481 3650 hospiti
1542 3579 1544 3584 '

307 3686 499 3745 comitatum
530 3686 604 3745 date
635 3687 668 3745 et
699 3685 731 3744 in
763 3686 856 3745 donis
887 3686 1001 3746 dandis
1030 3686 1119 3760 parci
1150 3701 1223 3746 esse
1253 3687 1384 3748 nolite”.
1418 3687 1480 3747 Sed

307 3799 414 3873 inepte
438 3799 557 3859 iterum
581 3813 679 3858 causa
702 3799 829 3858 additur
853 3815 909 3858 eur
931 3799 1088 3873 benignos
1111 3814 1183 3859 esse
1207 3815 1262 3860 eos
1286 3802 1414 3862 deceat:

990 3910 1084 3972 πολλὰ
1106 3910 1161 3991 γὰρ
1184 3905 1256 3990 ὗμιν

529 4020 646 4103 κτήματ’
673 4023 716 4085 ἐνὶ
739 4025 890 4105 μεγάροισι
913 4031 994 4085 θεῶν
1020 4025 1111 4104 ἰότητι
1133 4023 1257 4086 κέονται.

351 4141 403 4198 An
433 4139 480 4199 sio
510 4139 567 4200 illa
597 4140 694 4200 verba
724 4142 909 4200 vertamus:
938 4141 1128 4215 ,unicuique
1152 4143 1342 4201 vestrum
1366 4140 1479 4202 honori

308 4254 359 4312 est
390 4253 483 4325 (quod
514 4252 614 4312 talem
645 4254 807 4327 hospitem
839 4254 1053 4322 habemus)?''
1077 4253 1147 4313 Ηοο
1171 4269 1245 4313 curn
1268 4257 1477 4328 praecedente

308 4365 401 4437 ξεῖνος
434 4359 461 4422 δ’
496 4356 556 4424 αὖτ’
591 4364 658 4443 ἐμός
690 4363 748 4424 ἐστι
779 4367 896 4426 melius
929 4367 1087 4427 oohaeret.
1119 4368 1171 4426 An
1205 4368 1341 4441 denique
1372 4367 1478 4446 ἔμμορε

308 4480 448 4538 aoristus
480 4481 530 4538 est
561 4480 745 4554 gnomicus;
779 4481 1055 4554 supplendumque
1086 4483 1179 4551 ξεῖνος
1203 4482 1239 4539 ut
1262 4483 1358 4555 neget
1381 4481 1477 4540 Arete
