3270 5262
769 623 808 683 57

186 813 299 873 iratos
335 829 431 874 canes
465 813 608 888 remedii,
641 813 735 886 idque
767 827 851 888 ergo,
884 813 1054 885 tamquam
1085 813 1123 871 ab
1155 813 1224 886 ipso
1254 812 1374 887 Ulysse

185 929 378 1005 inventum,
403 930 578 1002 utcumque
601 927 767 988 insereret.

200 1149 204 1160 ·
237 1128 308 1186 122
341 1143 387 1200 sq.
423 1128 499 1203 „Dic
529 1127 610 1186 mihi
641 1127 764 1188 domini
787 1127 836 1186 tui
859 1141 995 1199 nomen;
1020 1128 1158 1186 fortasse
1181 1125 1269 1185 enim
1292 1125 1373 1183 mihi

185 1242 295 1299 notus
327 1242 385 1316 est,
419 1242 465 1300 ita
497 1243 532 1300 ut
562 1243 600 1301 de
632 1257 669 1300 eo
701 1240 853 1299 nuntium
885 1240 999 1299 afferre
1027 1240 1182 1313 possim.”
1207 1239 1374 1298 Vixhaec

184 1355 361 1414 dicentem
384 1355 546 1414 Eumaeus
569 1355 732 1428 hospitem
757 1352 881 1413 audivit
904 1367 978 1412 cum
1003 1353 1183 1413 exclamat:

379 1460 401 1526 ὦ
424 1465 521 1546 γέρον,
545 1464 581 1527 οό
605 1491 646 1539 τις
671 1471 770 1526 κεῖνον
794 1465 870 1544 ἀνὴρ
895 1463 1078 1543 ἀλαλημένος
1102 1465 1199 1526 ἐλθὼν

378 1578 525 1660 ἀγγέλλων
547 1580 654 1640 πείσειε
677 1580 805 1658 γυναῖκά
828 1602 857 1639 τε
879 1578 929 1639 ιιυλ
953 1580 1042 1655 φίλον
1064 1578 1141 1639 υλόν,

234 1695 315 1754 Iure
347 1695 399 1754 hic
429 1717 480 1753 κεν
511 1697 710 1771 desideratio,
740 1696 796 1755 sed
821 1697 903 1769 quod
927 1695 1105 1770 proponitis
1129 1693 1155 1753 εἰ
1177 1698 1243 1768 (pro
1268 1694 1314 1765 οὐ)
1339 1697 1376 1754 ut

186 1810 234 1868 sit
269 1809 415 1883 optantis
447 1810 651 1885 exclamatio
685 1809 717 1868 id
744 1809 825 1868 mihi
849 1810 945 1868 huius
968 1809 1030 1868 loci
1053 1824 1118 1868 non
1142 1824 1213 1868 esse
1236 1810 1374 1869 videtur.

185 1923 313 1996 Sperat
336 1923 403 1982 iore
426 1923 588 1982 Eumaeus
611 1925 648 1983 ut
667 1923 819 1982 nuntium
839 1924 878 1982 de
896 1922 1016 1997 Ulysse
1036 1923 1152 1982 afferat
1171 1922 1297 1998 aliquis,
1319 1922 1375 1982 sed

185 2039 309 2096 utrum
334 2035 387 2095 ille
411 2052 522 2096 errans
545 2038 656 2096 veniat
680 2052 721 2096 an
745 2037 891 2096 consulto
916 2037 1013 2096 huius
1036 2037 1083 2096 rei
1102 2037 1207 2111 gratia
1227 2037 1375 2096 Ithacam

185 2151 332 2224 naviget
355 2152 387 2210 et
412 2153 523 2211 utrum
547 2152 705 2225 Penelope
728 2151 826 2210 fidem
850 2153 880 2211 ei
902 2152 1021 2211 habeat
1044 2168 1085 2212 an
1108 2168 1181 2227 non,
1207 2151 1252 2210 nil
1273 2153 1373 2226 curat,

186 2265 373 2324 dummodo
397 2282 511 2326 verum
530 2267 631 2327 fuisse
651 2265 802 2325 nuntium
822 2281 901 2325 mox
921 2267 1083 2340 appareat.
1104 2266 1261 2339 Equidem
1281 2265 1374 2324 lenis-

188 2377 282 2438 sima
308 2380 533 2439 emendatione
557 2381 605 2439 sic
628 2379 780 2453 legerim:

501 2485 524 2552 ὦ
547 2490 643 2571 γέρον,
668 2489 704 2551 od
728 2515 778 2551 κεν
802 2497 901 2552 τιεῖνον
925 2490 1001 2569 ἀνὴρ
1025 2490 1080 2550 κτέ.

242 2607 332 2680 „Vir,
365 2609 427 2691 qui,
460 2610 497 2668 ut
527 2610 572 2684 tu,
605 2609 804 2668 errabundus
836 2610 879 2678 (et
910 2609 1050 2667 mendici
1074 2609 1216 2681 speciem
1241 2624 1316 2682 prae
1340 2623 1375 2666 se

189 2720 316 2790 ferens)
342 2722 379 2780 de
402 2721 532 2796 Ulyssis
556 2723 661 2782 reditu
680 2722 809 2781 nuntiet
828 2723 957 2796 aliquid,
978 2722 1064 2781 haud
1083 2721 1177 2780 facile
1198 2722 1376 2794 Penelopae

191 2835 419 2894 narrationem
447 2851 542 2895 suam
565 2837 693 2910 probet:
718 2835 800 2895 satis
824 2836 890 2894 iam
914 2836 970 2895 illa
994 2837 1033 2895 ab
1057 2836 1217 2895 eiusmodi
1240 2834 1375 2895 homini·

191 2947 257 3006 bus
283 2949 416 3023 decepta
440 2951 521 3009 est.”

245 3150 310 3208 135
335 3164 381 3222 sq.
422 3146 441 3226 ἢ
464 3149 515 3209 τόν
539 3145 562 3228 γ’
589 3148 620 3209 ἕν
644 3151 742 3234 πόντῳ
763 3146 874 3230 ’φάγον
899 3150 1011 3228 ἰχθύες,
1035 3146 1119 3209 ὀστέα
1144 3144 1171 3208 ‹l’
1201 3147 1295 3208 αὐτοῦ

398 3263 514 3321 ’κεῖται
537 3259 577 3322 ἐπ’
604 3261 727 3341 ἠπείρου
751 3262 806 3323 κτέ.

240 3375 331 3434 Num
353 3376 521 3436 ferendum
545 3378 631 3437 istud
655 3375 748 3436 αὐτοῦ
773 3379 936 3438 censetis?

244 3575 309 3634 287
402 3569 458 3632 ἀλλ’
487 3573 533 3634 ὅτε
557 3572 593 3650 δὴ
618 3570 725 3653 ’όγόοόν
749 3597 800 3652 μοι
823 3573 1021 3652 ἐπιπλόμενον
1044 3575 1107 3651 ἔτος
1131 3568 1208 3655 ἦλθε

242 3691 384 3750 Versum
408 3686 532 3768 ἄμετρον
556 3690 757 3765 lepidissima
781 3691 1006 3752 emendatione
1030 3693 1078 3753 sic
1102 3694 1278 3768 corrigitis:

401 3797 458 3862 ἀλλ’
485 3801 531 3863 ὅτε
555 3802 592 3881 δή
616 3825 666 3881 μοι
690 3801 885 3880 ἐπιπλόμενον
908 3802 994 3877 λε’τος
1018 3803 1126 3886 όγδοον
1150 3798 1233 3884 ἦλθε.

243 3915 374 3978 Oertam
406 3919 546 3978 dicerem
570 3919 633 3978 nisi
656 3919 838 3979 dubitarem
862 3921 962 3980 etiam
986 3922 1024 3981 de
1048 3922 1108 3981 hoc
1132 3923 1305 3982 verborum
1329 3939 1374 3982 or·

196 4033 283 4105 dine,
309 4033 363 4104 qui
385 4033 442 4092 vix
465 4031 659 4092 Homericus
681 4033 818 4094 videtur.

243 4229 308 4288 457
334 4244 401 4303 sqq.
439 4226 492 4301 νὺξ
517 4225 544 4288 δ’
571 4224 614 4307 dp’
642 4228 753 4306 ἐπῆλθε
776 4229 853 4308 κακὴ
877 4231 1079 4308 σκοτομήνιος·
1103 4225 1136 4292 ὗε
1161 4227 1189 4291 δ’
1216 4229 1273 4311 spa
1299 4231 1375 4304 Ζεὺς

439 4342 599 4421 πάννυχος,
623 4341 715 4421 αὐτὰρ
739 4341 784 4403 όλει
810 4342 946 4424 Ζέφυρος
971 4343 1059 4425 μέγας
1084 4342 1147 4404 αἰέν
1172 4343 1311 4426 έφυὸρος.

440 4451 514 4519 τοῖσ’
537 4451 679 4530 Ὀδυσεὺς
700 4455 853 4536 μετέόειπε
877 4458 1031 4541 συφόρβοο
1056 4459 1241 4539 πειρητίζων,
1262 4459 1319 4525 κτὲ.
