3310 5262
801 671 862 732 132

287 869 351 928 209
375 883 422 942 sq.
446 866 582 926 Laertae
605 864 701 923 aedes
724 860 957 934 deseribuntur,
981 861 1054 919 tum
1077 859 1239 934 sequitur:

467 976 499 1038 ἐν
521 987 560 1060 τῷ
584 973 763 1036 ἕσιτὲσκοντο
786 970 836 1032 καὶ
859 972 960 1044 ῖζανον
983 967 1036 1051 ἠδ’
1063 970 1185 1033 ἕνίανον

462 1092 557 1169 δμῶες
580 1087 738 1168 ἀναγκαῖοι
761 1085 808 1146 τοί
825 1086 877 1146 for
901 1085 973 1161 φίλα
992 1080 1191 1165 ’ἠργάζοντο

285 1208 365 1283 Quid
389 1207 422 1266 in
445 1204 517 1281 φίλα
540 1204 644 1264 latet?
667 1203 752 1262 Nam
778 1199 850 1275 φίλα
869 1193 1060 1280 ’.ἠργάζοντο
1084 1201 1177 1260 nihili
1201 1202 1260 1260 est.

284 1432 339 1491 Vs.
377 1431 438 1489 241
476 1430 509 1488 et
539 1428 633 1504 paulo
664 1430 738 1503 post
768 1443 816 1486 ve.
850 1427 913 1486 282
946 1441 1040 1486 εοεαε
1072 1425 1192 1499 obliqui
1215 1423 1417 1500 pronominis

239 1546 329 1618 αὐτός
360 1546 511 1619 leguntur
534 1543 643 1603 Attico
667 1558 757 1603 more
780 1542 878 1617 positi
901 1556 957 1616 pro
980 1540 1163 1600 Homericis
1185 1540 1256 1616 foe,
1278 1540 1330 1599 dor
1354 1541 1415 1599 eet.

238 1662 331 1722 Alter
373 1661 423 1719 est
465 1657 704 1717 huiuscemodi:
748 1655 885 1730 Ulysses
927 1656 1098 1728 conspecto
1135 1656 1226 1730 patre
1261 1654 1418 1715 deliberat

239 1779 349 1836 utrum
372 1773 487 1833 statim
511 1772 550 1831 ad
575 1787 650 1831 eum
674 1772 822 1829 accurrat
841 1785 883 1829 an
901 1768 990 1844 prius
1010 1770 1156 1828 mentem
1176 1769 1245 1827 eius
1258 1771 1415 1843 temptet:

238 1890 299 1947 hoe
322 1890 434 1948 tamen
458 1887 488 1946 ei
510 1887 629 1946 melius
652 1885 789 1945 videtur.
816 1885 983 1958 Sequitur:

414 1998 449 2060 τὰ
471 1997 608 2080 φρονέων
631 1993 783 2070 ἰθὺς’κίεν
806 1996 929 2058 αὐτοῦ
953 1997 1016 2069 δῖος
1037 1991 1205 2068 Ὀδυσσεύς.

282 2115 393 2174 Altero
417 2115 551 2174 Laertes
574 2113 686 2188 Ulyssi
709 2113 837 2187 roganti
856 2113 941 2172 sitne
961 2111 1014 2172 hio
1032 2111 1168 2171 Laertae
1188 2127 1264 2186 ager
1282 2112 1418 2171 Laertes

239 2229 428 2303 respondet:

419 2334 507 2419 ξεῖν’,
529 2331 548 2418 ἦ
572 2361 617 2399 τοι
639 2335 693 2418 μὲν
716 2343 805 2420 γαῖαν
828 2338 938 2410 ἱκάνεις
960 2334 999 2416 ἣν
1022 2335 1163 2418 ἐρεείνεις·

415 2451 551 2534 ὑβρισταὶ
574 2447 604 2512 δ’
621 2451 715 2530 αὐτὴν
739 2449 789 2511 καὶ
813 2449 978 2511 ἀτάσθαλοι
1003 2449 1109 2526 άνδρες
1133 2450 1239 2530 ἔχουσι.

282 2570 327 2629 lis
358 2570 469 2629 autem
502 2568 666 2641 Odysseae
691 2566 843 2627 Iliadisve
866 2567 1020 2642 partibus,
1046 2567 1100 2625 ubi
1124 2568 1203 2628 talia
1225 2568 1415 2641 frequentis·

239 2684 325 2742 sima
348 2684 433 2757 sunt,
460 2682 534 2755 quid
558 2681 689 2755 prodest
714 2683 863 2740 accurate
885 2681 1015 2740 literam
1039 2681 1214 2757 Aeolicam,
1235 2672 1317 2759 ἦμες,
1335 2674 1418 2759 daeg,

236 2798 358 2856 formas
393 2796 569 2856 dissolutas
604 2797 637 2854 et
672 2795 793 2853 similia
827 2795 1034 2854 restituisse?
1069 2796 1180 2855 Nonne
1211 2796 1316 2856 satius
1346 2801 1417 2857 erat

237 2912 359 2971 intaeta
400 2910 579 2984 relinquere
622 2909 741 2984 omnia,
782 2925 799 2968 e
835 2909 950 2982 quibus
985 2911 1104 2983 aliquid
1140 2912 1178 2970 de
1213 2911 1415 2986 singulorum

237 3025 382 3083 locorum
406 3025 513 3083 aetate
537 3023 638 3082 statui
661 3023 788 3096 possit?

283 3249 357 3309 242.
382 3248 432 3307 Ad
455 3248 583 3322 patrem
607 3263 682 3321 ergo
706 3249 846 3309 accurrit
868 3249 1022 3324 Ulysses:

392 3351 411 3438 ἧ
434 3382 479 3420 τοι
502 3355 519 3420 ὃ
542 3356 596 3437 μὲν
619 3357 748 3438 κατέχων
771 3360 905 3438 κεφαλὴν
928 3362 1024 3438 φυτὸν
1048 3359 1256 3442 ἀμφελάχαινε.

279 3476 454 3536 Annotatis
505 3471 635 3553 κατέχειν
682 3489 780 3534 sensu
830 3475 1087 3537 demittendi
1131 3494 1293 3552 nusquam
1339 3481 1415 3540 alibi

234 3591 375 3665 reperiri.
407 3590 569 3650 Lubenter
583 3589 694 3663 eredo;
719 3589 775 3649 sed
799 3591 945 3665 suspicor
968 3592 1020 3651 hie
1044 3608 1169 3666 quoque
1192 3595 1270 3654 olim
1293 3595 1414 3654 lectum

234 3704 335 3763 fuisse
367 3705 535 3763 vetustum
566 3703 712 3780 verbum,
746 3705 828 3776 quod
860 3704 950 3763 illam
978 3705 1111 3765 haberet
1133 3705 1413 3784 significationem,

236 3818 287 3878 cui
318 3832 416 3892 supra
446 3817 604 3891 scriptum
636 3818 678 3887 (id
701 3817 785 3890 quod
809 3820 859 3878 est
883 3818 916 3876 in
940 3819 1007 3878 eod.
1033 3819 1066 3890 Ρ)
1091 3818 1168 3879 κάτω
1192 3818 1265 3898 ἔχων
1289 3837 1413 3896 eorrup-

235 3931 320 3991 telae
344 3946 457 3990 ansam
486 3931 618 3991 dederit.

280 4159 344 4218 309
364 4173 433 4232 sqq.
455 4157 592 4232 Ulysses
613 4158 653 4218 ad
673 4156 776 4233 patris
795 4156 941 4218 animum
961 4161 1154 4220 tentandum
1165 4159 1242 4222 fleta
1254 4165 1413 4236 quaedam

236 4274 274 4332 de
298 4289 333 4332 se
357 4287 479 4345 suaque
503 4273 609 4346 patria
633 4272 795 4346 narravit3
820 4273 892 4332 tum
917 4272 1022 4333 addit:

411 4383 503 4462 αὐτὰρ
524 4379 663 4463 Ὀδυσσῆι
686 4385 752 4446 τόδε
775 4384 813 4462 δὴ
837 4383 970 4463 πέμπτον
992 4384 1079 4460 faor
1102 4385 1171 4466 ἐστὶ,

276 4501 340 4560 310
409 4496 438 4571 ἐξ
461 4490 497 4557 οὗ
521 4501 623 4558 κεῖθεν
646 4497 700 4580 ἔβη
723 4496 773 4558 καὶ
797 4497 869 4578 ἐμῆς
893 4496 1063 4578 ἀπελήλυθε
1087 4501 1211 4584 πάτρης,
