3310 5262
731 693 791 770 113

169 896 233 940 non
264 881 371 940 solum
402 882 448 941 ire
475 881 532 940 sed
555 880 751 938 Philoetium
775 894 887 938 secum
911 879 1036 939 ducere.
1063 880 1214 952 Sequitur
1238 880 1343 938 enim:

171 1003 273 1070 σφῶν
296 989 325 1054 δ’
342 991 564 1074 ἀποστρέψαντε
587 989 643 1052 ιιτέ.

218 1220 279 1279 173
303 1233 371 1292 sqq.
408 1217 489 1292 Quid
519 1220 631 1277 autem
661 1218 803 1276 Eumaeo
834 1218 1054 1291 Philoetioque
1087 1219 1247 1292 agendum
1271 1219 1345 1277 est?

171 1333 351 1392 Audiamus
375 1333 483 1405 ipsum
505 1331 678 1404 Ulyssem:

350 1453 429 1520 σφῶι
449 1437 479 1503 δ’
503 1440 725 1523 ἀποστρέψαντε
749 1441 845 1514 πόδας
867 1440 917 1502 καὶ
940 1448 1037 1524 χεῖρας
1061 1443 1174 1523 ὕπερθε

351 1555 380 1630 ές
403 1556 543 1635 θάλαμον
566 1553 703 1636 βαλέμεν,
725 1555 847 1628 σανίδος
871 1550 900 1616 δ’
927 1554 1050 1634 ἐκδῆσαι
1074 1554 1192 1635 ὄπισθε,

349 1668 450 1751 σειρὴν
474 1667 506 1730 δέ
528 1667 655 1746 πλεκτὴν
680 1667 709 1742 ἐξ
733 1667 823 1729 αὐτόο
847 1669 1024 1749 πειρήναντε

348 1779 421 1845 κίον’
447 1779 490 1844 ἀν’
517 1781 641 1861 ὑψηλὴν
664 1783 791 1860 θερύσαι
813 1782 936 1843 πελάσαι
961 1805 990 1844 τε
1014 1784 1136 1844 δοκοῖσι.

217 1899 297 1974 Quid
320 1899 364 1958 sit
388 1900 530 1972 aliquem
554 1913 660 1973 pone
683 1898 877 1957 tabulam
901 1898 1023 1958 vincire
1048 1899 1140 1958 iuxta
1164 1915 1237 1958 cum
1261 1900 1347 1972 igna-

173 2013 312 2073 rissimis
343 2012 464 2086 ignoro.
495 2013 556 2072 Sed
579 2013 718 2071 fortasse
742 2013 830 2070 totus
854 2027 969 2071 versus
996 2013 1057 2072 174
1082 2012 1257 2072 eiiciendus
1281 2015 1348 2072 est:

174 2142 249 2186 narn
270 2127 354 2186 inter
377 2142 412 2185 se
437 2128 562 2185 certant
585 2125 682 2183 haec:
710 2125 880 2199 „manibus
903 2126 1100 2199 pedibusque
1120 2127 1262 2199 aliquem
1281 2127 1348 2185 vin-

175 2240 237 2298 cire
261 2242 293 2299 et
317 2240 474 2299 coniicere
504 2240 538 2298 in
562 2238 755 2313 cubiculum,
788 2238 945 2298 nimirum
968 2242 1004 2299 ut
1028 2241 1071 2298 ibi
1094 2242 1226 2299 maneat
1249 2241 1349 2298 donec

178 2353 214 2412 de
238 2369 275 2413 eo
299 2353 465 2413 decretum
487 2352 605 2411 fuerit’'
630 2354 663 2410 et
689 2352 847 2425 „eundem
867 2353 1094 2426 suspendere'’.
1116 2353 1219 2412 Versu
1240 2354 1350 2412 autem

180 2468 238 2526 187
264 2482 343 2541 sqq,
368 2466 420 2525 ubi
446 2467 532 2524 servi
556 2467 645 2525 iussa
665 2465 787 2524 domini
807 2469 1036 2541 exsequuntur,
1058 2467 1147 2525 nulla
1166 2465 1250 2536 σανίς
1266 2481 1350 2524 com·

178 2582 377 2640 memoratur
408 2582 439 2639 et
467 2581 596 2638 vinctus
620 2580 815 2639 Melanthius
839 2581 951 2640 statim
977 2580 1200 2654 suspenditur;
1227 2582 1259 2638 et
1282 2578 1349 2637 εἴσω

178 2694 306 2764 quidem
325 2688 471 2771 ’fipoouv
495 2709 570 2752 eum
594 2695 691 2765 atque
715 2694 758 2752 ibi
781 2691 871 2770 χαμαὶ
890 2689 1005 2772 ’βάλοα
1028 2693 1084 2752 sed
1107 2708 1171 2752 non
1191 2694 1348 2768 vinctum,

178 2821 290 2866 verum
313 2809 350 2866 ut
375 2808 495 2867 vincire
519 2809 661 2881 possent.

222 3031 283 3089 182
307 3045 376 3104 sqq.
400 3031 450 3091 Ad
473 3031 558 3090 fores
582 3031 719 3090 cubiculi
747 3032 906 3090 assistunt
925 3032 1087 3090 Eumaeus
1107 3031 1348 3104 Philoetiusque

177 3143 252 3202 dum
276 3159 368 3204 arma
390 3146 434 3204 ibi
462 3145 621 3219 conquirit
644 3145 856 3218 Melanthius3
880 3147 969 3204 tum:

331 3248 394 3317 εὖθ’
421 3254 495 3338 ὑπὲρ
518 3257 611 3318 οὐδὸν
634 3257 733 3336 ἔβαινε
756 3258 935 3329 Μελάνθιος
957 3257 1078 3329 αἰπόλος
1101 3257 1203 3337 αἰγῶν,

329 3378 365 3452 τῇ
388 3367 469 3454 ἓτέργ
494 3367 547 3448 μέν
570 3368 642 3452 χειρὶ
665 3369 766 3450 φέρων
788 3369 883 3449 καλὴν
906 3371 1097 3451 τρυφάλειαν,

329 3492 364 3566 τῇ
389 3478 418 3543 δ’
446 3481 527 3568 έτέργ
550 3485 640 3558 σάκος
663 3484 735 3564 εὐρὺ
758 3483 856 3566 γέρον,
878 3482 1105 3564 πεπαλαγμένον
1129 3481 1194 3567 άζγ,

331 3592 455 3676 Λαέρτα’
481 3597 588 3677 ἥρωος,
609 3595 625 3659 ‘d
647 3595 950 3679 ιιονρίζων’φορέεσκε
964 3633 1003 3640 -

332 3709 369 3787 δι’]
391 3709 454 3771 τότε
473 3706 496 3791 γ’
522 3709 580 3788 ἤδη
603 3710 704 3790 έκειτο,
726 3709 821 3791 ῥαφαὶ
842 3708 871 3771 δ’
899 3709 1032 3772 έλέλυντο
1056 3711 1187 3789 ἱμάντων
1201 3745 1241 3753 -

328 3822 368 3884 τὼ
395 3820 424 3884 δ’
452 3819 495 3902 ἄρ’
522 3819 677 3897 ἐπαΐξανθ’
704 3823 803 3902 ἑλέτην
823 3821 968 3903 ’.έέρυσάν
990 3824 1020 3886 τέ
1044 3849 1094 3903 μιν
1118 3825 1193 3884 εἴσω.

219 3938 290 3998 Non
320 3939 449 3999 insolite
479 3939 587 3999 solum
617 3940 674 3999 sed
705 3943 737 4000 et
767 3941 849 4001 mire
873 3942 1043 4015 inepteque
1067 3941 1152 4000 istud
1175 3937 1262 4018 γε’ρον
1286 3939 1347 3998 dic-

175 4053 255 4127 tum,
293 4054 325 4111 et
355 4054 412 4112 vix
444 4053 593 4112 credibile
624 4053 676 4112 hic
706 4054 830 4114 factum
853 4055 937 4128 quod
957 4070 1118 4128 nusquam
1143 4052 1228 4126 alibi,
1253 4054 1291 4110 ut
1315 4054 1347 4110 et

176 4164 325 4224 adiectivi
350 4167 455 4225 vicem
479 4167 628 4239 impleret
650 4163 743 4244 γέρων
767 4170 800 4227 et
823 4169 856 4227 in
879 4185 996 4242 genere
1019 4168 1133 4227 neutro
1164 4166 1345 4239 poneretur,

176 4278 238 4336 nisi
279 4279 308 4337 si
349 4278 553 4338 librariorum
599 4280 692 4353 culpa
733 4281 857 4341 facturn
892 4284 951 4341 est.
987 4279 1120 4340 Accedit
1154 4279 1237 4351 quod
1272 4295 1346 4338 cum

178 4390 256 4450 haec
288 4395 481 4465 sequantur:
518 4393 602 4467 „situ
635 4395 930 4454 commaculatum”
963 4397 996 4454 et
1025 4394 1136 4468 „cuius
1158 4392 1256 4452 baltei
1281 4394 1347 4453 iarn

178 4503 251 4564 inde
287 4483 397 4565 essent
431 4506 600 4566 dissoluti”
636 4508 717 4566 satis
751 4508 901 4582 languide
935 4508 1155 4582 praemittitur
1189 4523 1254 4567 una
1284 4524 1348 4568 vox

1255 4615 1270 4657 a
