3270 5262
838 661 880 719 30

271 849 412 924 praebet,
444 850 495 908 est
522 848 641 922 aliquid
664 848 748 921 quod
771 847 948 921 displiceat.
975 847 1135 922 Quorsum
1159 849 1246 907 enirn
1269 847 1356 908 istud
1380 846 1444 907 lu?

272 962 312 1022 Et
334 963 433 1023 nolite
456 977 631 1037 provocare
655 962 695 1020 ad
718 976 833 1020 versus
858 983 876 1037 q
905 963 1096 1022 136-138:

493 1067 566 1152 ηὗρε
590 1070 622 1133 δὲ
648 1073 790 1151 Φαιήκων
813 1069 959 1154 ἡγήτορας
983 1071 1036 1152 ήδὲ
1060 1072 1203 1152 μέδοντας

494 1185 674 1260 σπένδοντας
698 1187 854 1247 δεπάεσσιν
878 1187 1013 1273 εόσκόπφ
1037 1186 1225 1273 ἀργεϊφόντῃ,

494 1297 516 1385 ᾧ
540 1302 664 1388 πυμάτῳ
685 1297 889 1379 ’σπένδεσκον,
912 1302 957 1363 ὅτε
981 1304 1144 1380 μνησαίατο
1166 1304 1266 1365 κοίτου

273 1418 381 1492 nolite,
404 1417 545 1492 inquam,
568 1418 615 1476 sic
634 1433 687 1476 me
708 1417 853 1477 refellere
873 1418 998 1478 conari:
1015 1418 1159 1494 „invenit
1171 1419 1307 1492 Ulysses
1320 1419 1447 1478 Alcinoi

274 1531 436 1605 convivas,
465 1530 617 1589 ultimam
640 1530 797 1590 facientes
820 1530 1018 1607 libationem,
1045 1547 1119 1605 ergo
1144 1533 1278 1591 iamiam
1302 1532 1446 1592 abituros

273 1647 330 1704 sed
364 1647 475 1705 tamen
510 1645 683 1703 etiamtum
716 1647 921 1719 praesentes,
957 1645 1034 1704 illud
1067 1647 1178 1705 autem
1208 1662 1304 1705 omne
1335 1648 1447 1706 nostro

273 1760 342 1819 loco
373 1762 437 1817 uno
467 1758 623 1817 vocabulo
654 1755 695 1816 ἔτι
726 1759 895 1832 aptissime
927 1757 1159 1832 significatur.”
1187 1760 1271 1819 Nam
1293 1761 1446 1836 primum,

274 1874 301 1933 Si
329 1874 415 1931 recte
439 1871 555 1931 dicitur
578 1862 644 1949 εὗρε
667 1869 735 1941 τοὺς
759 1870 908 1931 Ἀλκινόου
932 1871 1038 1946 φίλους
1061 1869 1102 1930 έτι
1124 1871 1283 1949 παρόντας,
1306 1874 1448 1933 etiamne

274 1986 432 2044 Graecum
462 1984 590 2043 videtur
621 1982 661 2043 ἔτι
691 1981 824 2061 εὑρήσεις
852 1983 961 2055 αὐτούς
987 1985 1041 2045 1110
1065 2001 1163 2045 sensu
1187 1987 1354 2060 positum?
1377 1987 1448 2046 Non

274 2099 394 2174 opinor,
427 2098 483 2157 sed
514 2098 787 2170 quemadmodum
818 2094 915 2157 οὐκέτι
946 2096 1029 2175 δήετε
1060 2095 1172 2178 τέκμωρ
1199 2095 1288 2159 Ἰλίου
1313 2099 1449 2176 αἰπεινῆς

276 2215 341 2272 est:
377 2227 460 2288 ,non
491 2212 557 2270 iam
588 2209 657 2271 fieri
687 2214 796 2285 potest
813 2214 862 2270 *ut
892 2212 1021 2272 Troiam
1053 2214 1254 2289 expugnetis,
1283 2214 1451 2289 praeteriit

276 2325 372 2385 huius
405 2325 452 2384 rei
482 2327 612 2398 tempus
643 2326 739 2397 atque
770 2325 941 2401 facultas,’'
974 2326 1020 2385 ita
1051 2324 1091 2384 ἔτι
1121 2325 1200 2403 δήεις
1231 2327 1284 2386 vel
1315 2325 1449 2406 εὑρήσεις

275 2439 398 2509 τούτους
410 2436 479 2509 τοὺς
491 2433 601 2516 ἄνδρας
615 2440 681 2497 001;
698 2439 779 2513 ,erit
788 2438 958 2512 aliquando
967 2439 1035 2499 dies
1044 2439 1098 2500 ille
1107 2455 1169 2514 quo
1179 2456 1233 2501 eos
1242 2436 1449 2512 invenias’'.¹)

276 2553 397 2611 Deinde
421 2567 477 2610 cur
499 2551 580 2611 libro
603 2551 742 2625 septimo
766 2551 910 2611 Minerva
933 2552 980 2612 sic
1003 2552 1158 2626 Ulyssem
1182 2554 1380 2628 alloquatur:

500 2655 586 2735 οὗτος
609 2663 647 2741 δή
670 2685 724 2741 τοι,
747 2665 821 2736 ξεῖνε
844 2663 944 2743 πάτερ,
966 2663 1067 2744 δόμος,
1090 2664 1125 2726 όν
1149 2687 1184 2743 με
1205 2667 1332 2740 κελεύεις

499 2775 695 2857 πεφραδέμεν·
720 2777 800 2855 δήεις
825 2774 857 2838 δέ
881 2777 1052 2860 διοτρεφέας
1076 2781 1220 2859 βασιλῆας

501 2891 604 2969 δαίτην
629 2888 828 2968 δαινυμένους

278 3009 375 3084 probe
409 3005 639 3080 intelligimus:
674 3005 817 3065 amicum
852 3006 1087 3080 quodammodo
1117 3008 1251 3082 periculi
1282 3009 1451 3068 cuiusdam

278 3121 432 3182 instantis
463 3121 624 3195 admonet,
652 3135 693 3178 ne
716 3120 771 3178 illo
793 3121 1019 3194 perterreatur.
1045 3120 1104 3196 Qui
1128 3121 1216 3181 enim
1239 3121 1366 3195 ignotos
1390 3122 1453 3180 sibi

279 3237 347 3297 adit
376 3235 525 3295 homines
552 3233 731 3308 hospitium
754 3248 912 3308 opemque
934 3233 1104 3310 petiturus,
1129 3234 1158 3293 si
1181 3235 1254 3294 illos
1276 3250 1341 3294 non
1364 3234 1452 3294 solos

193 3404 196 3407 .
279 3349 405 3409 invenit
427 3347 484 3407 sed
507 3362 582 3407 cum
604 3362 723 3420 magno
747 3347 958 3406 convivarum
982 3349 1155 3406 coenantes
1178 3363 1322 3424 numero,
1343 3350 1453 3407 metus

281 3465 331 3522 est
360 3477 401 3521 ne
432 3461 654 3535 inexspectato
686 3461 869 3534 spectaculo
900 3460 947 3519 sic
977 3460 1190 3536 perturbetur,
1222 3462 1259 3520 ut
1290 3461 1451 3538 allocutio,

280 3591 379 3650 quarn
413 3576 510 3634 antea
543 3574 654 3635 sedulo
689 3574 734 3633 sit
767 3573 953 3650 meditatus,
985 3575 1089 3634 menti
1120 3574 1189 3633 eius
1220 3573 1358 3634 excidat.
1391 3576 1453 3634 Sed

281 3690 425 3749 Minerva
457 3689 613 3762 Ulyssem
643 3688 776 3762 periculi
807 3687 960 3748 admonet
989 3688 1056 3748 iam
1086 3689 1162 3748 ante
1192 3687 1278 3748 fores
1308 3690 1454 3748 stantem

281 3803 458 3875 statimque
481 3803 586 3862 addit:

803 3914 840 3975 ob
865 3908 892 3975 δ’
919 3908 976 3974 λ’σω
998 3914 1042 3974 κίε
1066 3911 1141 3992 μηδέ
1163 3936 1190 3974 τι
1213 3918 1304 3999 θυμῷ

504 4028 615 4110 τοίρβεε·
639 4025 804 4110 θαρσαλέος
827 4027 883 4109 μδιρ
907 4026 983 4108 ἀνήρ
1008 4025 1039 4088 έν
1062 4037 1153 4087 πᾶσιν
1176 4025 1305 4106 όιμείνων

284 4161 365 4220 quae
384 4146 483 4206 verba
501 4145 554 4205 vel
573 4146 719 4205 maxime
739 4160 854 4204 verum
874 4159 946 4203 esse
967 4142 1192 4203 demonstrant
1211 4143 1242 4202 id
1263 4143 1455 4217 quodmodo

284 4259 430 4320 dicebam
453 4259 493 4319 de
516 4260 660 4319 Minerva
682 4258 837 4332 Ulyssem
857 4258 1014 4318 adversus
1033 4257 1212 4332 periculum
1233 4255 1454 4317 confirmante.

321 4509 423 4565 1)Βο1ς.;
438 4513 482 4568 „gp
497 4511 551 4555 zult
564 4521 592 4555 ze
606 4521 664 4565 neg
682 4511 739 4556 wel
757 4520 831 4556 oens
845 4508 957 4555 vinden”.
