<?xml version="1.0" encoding="UTF-8"?>
<!DOCTYPE html PUBLIC "-//W3C//DTD XHTML 1.0 Transitional//EN"
    "http://www.w3.org/TR/xhtml1/DTD/xhtml1-transitional.dtd">
<html xmlns="http://www.w3.org/1999/xhtml" xml:lang="en" lang="en">
 <head>
  <title>
</title>
<meta http-equiv="Content-Type" content="text/html;charset=utf-8" />
  <meta name='ocr-system' content='tesseract 3.04.00' />
  <meta name='ocr-capabilities' content='ocr_page ocr_carea ocr_par ocr_line ocrx_word'/>
</head>
<body>
  <div class='ocr_page' id='page_1' title='image "./epistolacritica00costgoog_0108.png"; bbox 0 0 3310 5262; ppageno 0'>
   <div class='ocr_carea' id='block_1_1' title="bbox 794 0 1576 5">
    <p class='ocr_par' dir='ltr' id='par_1_1' title="bbox 794 0 1576 5">
     <span class='ocr_line' id='line_1_1' title="bbox 794 0 1576 5; baseline 0 0"><span class='ocrx_word' id='word_1_1' title='bbox 794 0 1576 5; x_wconf 95' lang='lat' dir='ltr'> </span> 
     </span>
    </p>
   </div>
   <div class='ocr_carea' id='block_1_2' title="bbox 190 865 1368 1404">
    <p class='ocr_par' dir='ltr' id='par_1_2' title="bbox 190 865 1368 1404">
     <span class='ocr_line' id='line_1_2' title="bbox 191 865 1366 944; baseline -0.002 -16"><span class='ocrx_word' id='word_1_2' title='bbox 191 869 239 928; x_wconf 79' lang='lat' dir='ltr'>sio</span> <span class='ocrx_word' id='word_1_3' title='bbox 263 883 387 944; x_wconf 80' lang='lat' dir='ltr'>censeo,</span> <span class='ocrx_word' id='word_1_4' title='bbox 413 869 469 927; x_wconf 89' lang='lat' dir='ltr'>aut</span> <span class='ocrx_word' id='word_1_5' title='bbox 491 869 603 927; x_wconf 82' lang='lat' dir='ltr'>nostro</span> <span class='ocrx_word' id='word_1_6' title='bbox 626 882 723 926; x_wconf 83' lang='lat' dir='ltr'>versu</span> <span class='ocrx_word' id='word_1_7' title='bbox 746 868 858 940; x_wconf 86' lang='lat' dir='ltr'>utique</span> <span class='ocrx_word' id='word_1_8' title='bbox 880 865 1086 927; x_wconf 86' lang='lat' dir='ltr'>retinendum</span> <span class='ocrx_word' id='word_1_9' title='bbox 1112 868 1268 942; x_wconf 81' lang='lat' dir='ltr'>pluralem</span> <span class='ocrx_word' id='word_1_10' title='bbox 1295 868 1366 926; x_wconf 83' lang='lat' dir='ltr'>sub·</span> 
     </span>
     <span class='ocr_line' id='line_1_3' title="bbox 191 979 1367 1054; baseline -0.002 -12"><span class='ocrx_word' id='word_1_11' title='bbox 191 983 327 1042; x_wconf 84' lang='lat' dir='ltr'>stantivi</span> <span class='ocrx_word' id='word_1_12' title='bbox 362 982 455 1054; x_wconf 78' lang='grc' dir='ltr'><strong><em>ξεῐνος</em></strong></span> <span class='ocrx_word' id='word_1_13' title='bbox 487 985 531 1051; x_wconf 82' lang='grc'>(61</span> <span class='ocrx_word' id='word_1_14' title='bbox 561 983 671 1040; x_wconf 90' lang='lat' dir='ltr'>utrum</span> <span class='ocrx_word' id='word_1_15' title='bbox 698 982 857 1040; x_wconf 78' lang='lat' dir='ltr'>recentior</span> <span class='ocrx_word' id='word_1_16' title='bbox 883 979 989 1041; x_wconf 84' lang='lat' dir='ltr'>forma</span> <span class='ocrx_word' id='word_1_17' title='bbox 1012 980 1116 1053; x_wconf 79' lang='grc' dir='ltr'><em>ξείνοις</em></span> <span class='ocrx_word' id='word_1_18' title='bbox 1141 997 1182 1040; x_wconf 89' lang='lat' dir='ltr'>an</span> <span class='ocrx_word' id='word_1_19' title='bbox 1206 981 1367 1054; x_wconf 80' lang='lat' dir='ltr'>antiquior</span> 
     </span>
     <span class='ocr_line' id='line_1_4' title="bbox 190 1093 1367 1170; baseline -0.003 -15"><span class='ocrx_word' id='word_1_20' title='bbox 190 1096 311 1168; x_wconf 77' lang='grc' dir='ltr'><strong><em>ξείνοισι</em></strong></span> <span class='ocrx_word' id='word_1_21' title='bbox 345 1096 471 1170; x_wconf 87' lang='lat' dir='ltr'>legatur</span> <span class='ocrx_word' id='word_1_22' title='bbox 501 1109 616 1168; x_wconf 88' lang='lat' dir='ltr'>parum</span> <span class='ocrx_word' id='word_1_23' title='bbox 646 1094 698 1154; x_wconf 86' lang='lat' dir='ltr'>hic</span> <span class='ocrx_word' id='word_1_24' title='bbox 730 1098 815 1164; x_wconf 84' lang='lat' dir='ltr'>curo)</span> <span class='ocrx_word' id='word_1_25' title='bbox 848 1096 905 1154; x_wconf 89' lang='lat' dir='ltr'>aut</span> <span class='ocrx_word' id='word_1_26' title='bbox 932 1093 1137 1154; x_wconf 78' lang='lat' dir='ltr'>efficiendum</span> <span class='ocrx_word' id='word_1_27' title='bbox 1159 1096 1197 1154; x_wconf 86' lang='lat' dir='ltr'>ut</span> <span class='ocrx_word' id='word_1_28' title='bbox 1215 1095 1284 1153; x_wconf 91' lang='lat' dir='ltr'>toto</span> <span class='ocrx_word' id='word_1_29' title='bbox 1307 1094 1367 1153; x_wconf 86' lang='lat' dir='ltr'>hoc</span> 
     </span>
     <span class='ocr_line' id='line_1_5' title="bbox 190 1207 1368 1284; baseline -0.005 -13"><span class='ocrx_word' id='word_1_30' title='bbox 190 1212 261 1271; x_wconf 84' lang='lat' dir='ltr'>loeo</span> <span class='ocrx_word' id='word_1_31' title='bbox 296 1211 335 1270; x_wconf 92' lang='lat' dir='ltr'>de</span> <span class='ocrx_word' id='word_1_32' title='bbox 368 1225 432 1269; x_wconf 91' lang='lat' dir='ltr'>uno</span> <span class='ocrx_word' id='word_1_33' title='bbox 463 1210 593 1268; x_wconf 87' lang='lat' dir='ltr'>tantum</span> <span class='ocrx_word' id='word_1_34' title='bbox 624 1208 752 1282; x_wconf 81' lang='lat' dir='ltr'>hospite</span> <span class='ocrx_word' id='word_1_35' title='bbox 782 1209 908 1269; x_wconf 86' lang='lat' dir='ltr'>rideant</span> <span class='ocrx_word' id='word_1_36' title='bbox 934 1211 1032 1284; x_wconf 84' lang='lat' dir='ltr'>proci.</span> <span class='ocrx_word' id='word_1_37' title='bbox 1057 1210 1141 1269; x_wconf 84' lang='lat' dir='ltr'>Nam</span> <span class='ocrx_word' id='word_1_38' title='bbox 1164 1225 1250 1269; x_wconf 86' lang='lat' dir='ltr'>nune</span> <span class='ocrx_word' id='word_1_39' title='bbox 1272 1207 1368 1266; x_wconf 86' lang='lat' dir='ltr'>lectio</span> 
     </span>
     <span class='ocr_line' id='line_1_6' title="bbox 190 1319 1367 1404; baseline 0.003 -21"><span class='ocrx_word' id='word_1_40' title='bbox 190 1326 302 1383; x_wconf 82' lang='lat' dir='ltr'>vestra</span> <span class='ocrx_word' id='word_1_41' title='bbox 336 1319 383 1380; x_wconf 80' lang='grc' dir='ltr'>ἐπὶ</span> <span class='ocrx_word' id='word_1_42' title='bbox 414 1321 498 1404; x_wconf 78' lang='grc' dir='ltr'>ξείνῳ</span> <span class='ocrx_word' id='word_1_43' title='bbox 529 1319 681 1400; x_wconf 71' lang='grc' dir='ltr'><em>γελάοντες</em></span> <span class='ocrx_word' id='word_1_44' title='bbox 705 1323 808 1382; x_wconf 85' lang='lat' dir='ltr'>certat</span> <span class='ocrx_word' id='word_1_45' title='bbox 831 1338 905 1382; x_wconf 89' lang='lat' dir='ltr'>curn</span> <span class='ocrx_word' id='word_1_46' title='bbox 929 1324 1148 1396; x_wconf 78' lang='lat' dir='ltr'>sequentibus,</span> <span class='ocrx_word' id='word_1_47' title='bbox 1174 1325 1261 1385; x_wconf 81' lang='lat' dir='ltr'>Gum-</span> <span class='ocrx_word' id='word_1_48' title='bbox 1280 1329 1367 1386; x_wconf 87' lang='lat' dir='ltr'>enirn</span> 
     </span>
    </p>
   </div>
   <div class='ocr_carea' id='block_1_3' title="bbox 190 1437 1118 1638">
    <p class='ocr_par' dir='ltr' id='par_1_3' title="bbox 190 1437 1118 1638">
     <span class='ocr_line' id='line_1_7' title="bbox 190 1437 497 1510; baseline -0.013 -13"><span class='ocrx_word' id='word_1_49' title='bbox 190 1453 241 1497; x_wconf 79' lang='lat' dir='ltr'>vs,</span> <span class='ocrx_word' id='word_1_50' title='bbox 266 1438 331 1497; x_wconf 84' lang='lat'>380</span> <span class='ocrx_word' id='word_1_51' title='bbox 354 1437 497 1510; x_wconf 86' lang='lat' dir='ltr'>legatur:</span> 
     </span>
     <span class='ocr_line' id='line_1_8' title="bbox 326 1537 1118 1638; baseline -0.001 -30"><span class='ocrx_word' id='word_1_52' title='bbox 326 1547 440 1638; x_wconf 67' lang='grc' dir='ltr'><strong><em>ἄλλος</em></strong></span> <span class='ocrx_word' id='word_1_53' title='bbox 464 1541 492 1606; x_wconf 75' lang='grc' dir='ltr'>δ’</span> <span class='ocrx_word' id='word_1_54' title='bbox 520 1537 590 1606; x_wconf 78' lang='grc' dir='ltr'><em>αὖτέ</em></span> <span class='ocrx_word' id='word_1_55' title='bbox 612 1569 655 1617; x_wconf 85' lang='grc' dir='ltr'>τις</span> <span class='ocrx_word' id='word_1_56' title='bbox 679 1537 765 1617; x_wconf 75' lang='grc' dir='ltr'><strong><em>οὗτος</em></strong></span> <span class='ocrx_word' id='word_1_57' title='bbox 789 1543 895 1624; x_wconf 78' lang='grc' dir='ltr'><em>ἀνέστη</em></span> <span class='ocrx_word' id='word_1_58' title='bbox 919 1548 1118 1622; x_wconf 79' lang='grc' dir='ltr'><em>μαντεύεσθαι</em></span> 
     </span>
    </p>
   </div>
   <div class='ocr_carea' id='block_1_4' title="bbox 184 1646 1371 2308">
    <p class='ocr_par' dir='ltr' id='par_1_4' title="bbox 184 1646 1371 2308">
     <span class='ocr_line' id='line_1_9' title="bbox 188 1646 1370 1736; baseline 0.003 -13"><span class='ocrx_word' id='word_1_59' title='bbox 188 1646 326 1723; x_wconf 76' lang='lat' dir='ltr'>dubium</span> <span class='ocrx_word' id='word_1_60' title='bbox 356 1679 422 1722; x_wconf 92' lang='lat' dir='ltr'>non</span> <span class='ocrx_word' id='word_1_61' title='bbox 449 1662 508 1736; x_wconf 80' lang='lat' dir='ltr'>est,</span> <span class='ocrx_word' id='word_1_62' title='bbox 542 1659 620 1733; x_wconf 90' lang='lat' dir='ltr'>quin</span> <span class='ocrx_word' id='word_1_63' title='bbox 650 1660 689 1719; x_wconf 87' lang='lat' dir='ltr'>ab</span> <span class='ocrx_word' id='word_1_64' title='bbox 720 1660 852 1719; x_wconf 89' lang='lat' dir='ltr'>homine</span> <span class='ocrx_word' id='word_1_65' title='bbox 876 1661 920 1720; x_wconf 91' lang='lat' dir='ltr'>ibi</span> <span class='ocrx_word' id='word_1_66' title='bbox 944 1666 1199 1724; x_wconf 89' lang='lat' dir='ltr'>commemorato</span> <span class='ocrx_word' id='word_1_67' title='bbox 1223 1666 1370 1728; x_wconf 87' lang='lat' dir='ltr'>diversus</span> 
     </span>
     <span class='ocr_line' id='line_1_10' title="bbox 187 1775 825 1853; baseline -0.003 -17"><span class='ocrx_word' id='word_1_68' title='bbox 187 1777 236 1837; x_wconf 85' lang='lat' dir='ltr'>sit</span> <span class='ocrx_word' id='word_1_69' title='bbox 259 1777 296 1853; x_wconf 78' lang='lat' dir='ltr'>ie,</span> <span class='ocrx_word' id='word_1_70' title='bbox 322 1777 362 1836; x_wconf 88' lang='lat' dir='ltr'>ad</span> <span class='ocrx_word' id='word_1_71' title='bbox 385 1791 482 1850; x_wconf 86' lang='lat' dir='ltr'>quern</span> <span class='ocrx_word' id='word_1_72' title='bbox 505 1775 646 1849; x_wconf 87' lang='lat' dir='ltr'>pertinet</span> <span class='ocrx_word' id='word_1_73' title='bbox 668 1789 717 1834; x_wconf 83' lang='lat' dir='ltr'>vs,</span> <span class='ocrx_word' id='word_1_74' title='bbox 743 1775 825 1834; x_wconf 82' lang='lat'><strong>377:</strong></span> 
     </span>
     <span class='ocr_line' id='line_1_11' title="bbox 370 1881 1151 1967; baseline 0 -18"><span class='ocrx_word' id='word_1_75' title='bbox 370 1881 435 1949; x_wconf 77' lang='grc' dir='ltr'><strong><em>οἷον</em></strong></span> <span class='ocrx_word' id='word_1_76' title='bbox 458 1883 511 1963; x_wconf 79' lang='grc' dir='ltr'>μέν</span> <span class='ocrx_word' id='word_1_77' title='bbox 534 1909 599 1945; x_wconf 86' lang='grc' dir='ltr'><strong><em>τινα</em></strong></span> <span class='ocrx_word' id='word_1_78' title='bbox 623 1895 728 1947; x_wconf 80' lang='grc' dir='ltr'><strong>τοῦτον</strong></span> <span class='ocrx_word' id='word_1_79' title='bbox 752 1885 824 1964; x_wconf 70' lang='grc' dir='ltr'><strong><em>ἔχεις</em></strong></span> <span class='ocrx_word' id='word_1_80' title='bbox 846 1885 1006 1965; x_wconf 77' lang='grc' dir='ltr'><strong><em>ἐπίμαστον</em></strong></span> <span class='ocrx_word' id='word_1_81' title='bbox 1031 1886 1151 1967; x_wconf 77' lang='grc' dir='ltr'><em>ἀλήτην.</em></span> 
     </span>
     <span class='ocr_line' id='line_1_12' title="bbox 236 2001 1368 2079; baseline 0.005 -15"><span class='ocrx_word' id='word_1_82' title='bbox 236 2005 278 2064; x_wconf 85' lang='lat' dir='ltr'>Et</span> <span class='ocrx_word' id='word_1_83' title='bbox 307 2020 420 2064; x_wconf 89' lang='lat' dir='ltr'>revera</span> <span class='ocrx_word' id='word_1_84' title='bbox 450 2004 581 2064; x_wconf 91' lang='lat' dir='ltr'>omnino</span> <span class='ocrx_word' id='word_1_85' title='bbox 613 2001 665 2062; x_wconf 87' lang='lat' dir='ltr'>hio</span> <span class='ocrx_word' id='word_1_86' title='bbox 696 2002 735 2062; x_wconf 88' lang='lat' dir='ltr'>de</span> <span class='ocrx_word' id='word_1_87' title='bbox 758 2018 822 2062; x_wconf 94' lang='lat' dir='ltr'>uno</span> <span class='ocrx_word' id='word_1_88' title='bbox 845 2004 974 2062; x_wconf 82' lang='lat' dir='ltr'>tentum</span> <span class='ocrx_word' id='word_1_89' title='bbox 998 2001 1125 2079; x_wconf 83' lang='lat' dir='ltr'>hospite</span> <span class='ocrx_word' id='word_1_90' title='bbox 1148 2006 1227 2065; x_wconf 91' lang='lat' dir='ltr'>olim</span> <span class='ocrx_word' id='word_1_91' title='bbox 1249 2024 1368 2070; x_wconf 87' lang='lat' dir='ltr'>sermo·</span> 
     </span>
     <span class='ocr_line' id='line_1_13' title="bbox 186 2115 1371 2195; baseline 0.003 -17"><span class='ocrx_word' id='word_1_92' title='bbox 186 2134 269 2178; x_wconf 91' lang='lat' dir='ltr'>nem</span> <span class='ocrx_word' id='word_1_93' title='bbox 304 2117 405 2177; x_wconf 79' lang='lat' dir='ltr'>fuisse</span> <span class='ocrx_word' id='word_1_94' title='bbox 442 2117 635 2176; x_wconf 86' lang='lat' dir='ltr'>documento</span> <span class='ocrx_word' id='word_1_95' title='bbox 671 2117 720 2175; x_wconf 82' lang='lat' dir='ltr'>esi</span> <span class='ocrx_word' id='word_1_96' title='bbox 756 2131 803 2175; x_wconf 80' lang='lat' dir='ltr'>ve.</span> <span class='ocrx_word' id='word_1_97' title='bbox 841 2117 905 2176; x_wconf 87' lang='lat'>383</span> <span class='ocrx_word' id='word_1_98' title='bbox 937 2117 1110 2190; x_wconf 83' lang='lat' dir='ltr'>singularis</span> <span class='ocrx_word' id='word_1_99' title='bbox 1137 2115 1238 2194; x_wconf 75' lang='grc' dir='ltr'><em>ἄλφοι,</em></span> <span class='ocrx_word' id='word_1_100' title='bbox 1261 2122 1371 2195; x_wconf 88' lang='lat' dir='ltr'>quiin</span> 
     </span>
     <span class='ocr_line' id='line_1_14' title="bbox 184 2230 1369 2308; baseline 0.004 -16"><span class='ocrx_word' id='word_1_101' title='bbox 184 2232 351 2308; x_wconf 88' lang='lat' dir='ltr'>pluralem</span> <span class='ocrx_word' id='word_1_102' title='bbox 375 2231 496 2291; x_wconf 86' lang='lat' dir='ltr'>mutari</span> <span class='ocrx_word' id='word_1_103' title='bbox 521 2246 586 2290; x_wconf 94' lang='lat' dir='ltr'>non</span> <span class='ocrx_word' id='word_1_104' title='bbox 609 2232 717 2304; x_wconf 83' lang='lat' dir='ltr'>potest</span> <span class='ocrx_word' id='word_1_105' title='bbox 740 2231 817 2304; x_wconf 85' lang='lat' dir='ltr'>quin</span> <span class='ocrx_word' id='word_1_106' title='bbox 840 2232 948 2304; x_wconf 87' lang='lat' dir='ltr'>inepte</span> <span class='ocrx_word' id='word_1_107' title='bbox 971 2230 1022 2290; x_wconf 85' lang='lat' dir='ltr'>vis</span> <span class='ocrx_word' id='word_1_108' title='bbox 1045 2230 1103 2292; x_wconf 89' lang='lat' dir='ltr'>fiat</span> <span class='ocrx_word' id='word_1_109' title='bbox 1126 2238 1369 2307; x_wconf 82' lang='lat' dir='ltr'>grammaticae.</span> 
     </span>
    </p>
   </div>
   <div class='ocr_carea' id='block_1_5' title="bbox 0 0 1660 5262">
    <p class='ocr_par' dir='ltr' id='par_1_5' title="bbox 0 0 1660 5262">
     <span class='ocr_line' id='line_1_15' title="bbox 0 0 1660 5262; baseline 0 6"><span class='ocrx_word' id='word_1_110' title='bbox 0 0 1660 5262; x_wconf 95' lang='lat' dir='ltr'> </span> 
     </span>
    </p>
   </div>
  </div>
 </body>
</html>
