3270 5262
771 646 812 704 23

194 847 214 890 a
246 832 399 891 Minerva
421 832 609 891 immissum
633 832 742 892 adstat
765 833 798 892 et
821 833 896 906 quid
920 834 1025 893 tristis
1048 835 1093 894 sit
1115 836 1216 908 rogat.
1241 834 1299 896 Oui
1322 835 1378 894 illa

193 946 401 1021 respondens
412 947 556 1020 primum
568 945 606 1005 de
618 946 730 1005 mariti
741 947 846 1005 morte
859 948 1081 1020 conqueritur;
1095 949 1166 1008 tum
1176 948 1259 1008 haec
1271 948 1376 1008 addit:

403 1065 460 1118 νῦν
482 1049 522 1118 αὖ
544 1062 615 1130 παῖς
638 1055 789 1138 ἀγαπητὸς
813 1055 867 1136 ἔβη
890 1057 991 1137 κοίλης
1015 1056 1062 1119 ἐπὶ
1086 1058 1168 1138 νηὸς,

403 1169 521 1250 νήπιος,
543 1167 610 1232 οάιε
632 1169 734 1232 πόνων
757 1168 790 1230 ἐὺ
815 1169 924 1243 ἔειδὼς
948 1166 1007 1232 οὔτ’
1033 1169 1178 1253 άμοράων·

402 1293 456 1345 τοῦ
480 1282 517 1362 δὴ
541 1281 597 1364 ἐγὼ
620 1281 670 1344 καὶ
693 1287 803 1361 μᾶλλον
827 1280 1015 1365 ὀδύρομαιῆ
1038 1306 1092 1366 περ
1115 1283 1238 1348 ἐκείνου.

293 1401 359 1460 820
403 1406 456 1460 τοῦ
481 1393 508 1458 δ’
535 1394 724 1478 ἀμφιτρομέω
747 1395 797 1458 καὶ
820 1395 926 1458 didita
950 1397 990 1476 μή
1014 1422 1040 1458 π
1062 1397 1190 1483 πάθῃσι,

402 1509 422 1592 ἢ
446 1510 463 1572 δ
484 1534 517 1593 με
540 1520 599 1572 τῶν
623 1509 666 1572 ivl
690 1511 774 1597 δήμῳ
797 1506 837 1571 ἵν’
864 1511 981 1591 οἴχεται,
1003 1510 1023 1593 ἢ
1047 1511 1091 1574 ἐνὶ
1113 1513 1227 1600 πόντῳ·

403 1602 559 1704 δοσμενὲάς
581 1623 637 1706 γάρ
659 1622 763 1685 πολλοὶ
786 1619 834 1685 ἐπ’
861 1625 941 1708 αὐτῷ
965 1625 1176 1705 μηχανάονται,

401 1737 535 1818 διέμενον
557 1743 667 1799 ιπεῖναι
689 1736 760 1819 πρὶν
781 1738 909 1818 πατρίδα
931 1744 1021 1819 γαῖαν
1044 1736 1170 1800 ἱκέσθαι.

248 1856 353 1931 Quam
372 1855 451 1915 utile
471 1855 515 1914 sit
534 1870 574 1914 ne
594 1854 763 1914 levissima
782 1854 913 1927 quidem
925 1855 1087 1928 negligere
1098 1855 1206 1915 brevis
1219 1856 1378 1930 quaedam

197 1950 315 2030 vestra
338 1969 377 2028 ad
400 1970 486 2028 hunc
509 1968 617 2028 locum
641 1968 807 2028 annotatio
827 1968 940 2027 docere
960 1969 1076 2042 potest.
1098 1968 1271 2028 Molestum
1291 1969 1379 2028 enim

198 2083 297 2142 vobis
327 2098 398 2142 esse
428 2082 593 2142 novicium
625 2082 712 2140 istud
744 2077 857 2139 ἐκείνου
889 2095 945 2154 pro
977 2080 1077 2140 κείνου
1108 2079 1309 2154 significatis.
1341 2081 1382 2141 Et

199 2197 257 2270 qui
289 2196 322 2255 in
349 2211 499 2256 sermono
523 2196 611 2269 epico
636 2209 700 2253 non
723 2194 817 2269 plane
842 2195 961 2268 hospes
985 2195 1029 2253 sit
1051 2194 1188 2253 libenter
1211 2195 1380 2255 vobiscum

199 2310 311 2370 faciet.
337 2311 397 2369 Sed
416 2310 519 2369 semel
541 2309 726 2368 admonitus
745 2323 839 2382 porro
859 2307 1075 2368 considerabit
1093 2308 1222 2367 rectene
1242 2309 1383 2369 habeant

201 2425 314 2484 cetera
332 2423 451 2483 omnia.
473 2422 561 2498 Quod
580 2422 713 2481 facienti
731 2436 810 2481 mox
831 2421 860 2479 61
879 2421 959 2479 haec
979 2421 1079 2480 stabit
1098 2422 1262 2481 sententia
1273 2423 1380 2481 totum

200 2539 313 2598 locum
343 2553 362 2597 a
391 2537 502 2612 putido
534 2536 762 2610 interpolatore
794 2534 1011 2593 insulsissime
1039 2549 1111 2594 esse
1135 2534 1380 2609 amplificatum.

203 2653 354 2711 Primum
373 2651 501 2724 aegrius
522 2651 622 2710 etiam
643 2665 741 2723 quam
760 2649 901 2708 formam
923 2648 1013 2707 illam
1034 2644 1148 2707 ἐκείνου
1168 2648 1218 2708 bis
1234 2649 1383 2724 deinceps

202 2769 239 2826 in
259 2781 374 2824 versus
394 2765 485 2824 initio
505 2764 648 2839 positum
668 2771 720 2822 roc
740 2763 831 2822 seret.
852 2762 973 2821 Deinde
986 2777 1098 2822 secum
1111 2763 1235 2823 statuet
1246 2763 1383 2822 minime

203 2895 281 2940 eam
312 2894 383 2938 esse
414 2878 594 2952 Penelopen
624 2893 706 2950 quae
738 2878 853 2951 sponte
884 2877 945 2935 hoc
976 2876 1077 2935 dicat:
1109 2879 1258 2952 „propter
1280 2875 1384 2936 filium

201 2993 312 3066 magis
343 2992 444 3051 etiam
475 3006 573 3065 quam
604 2992 733 3065 propter
763 2990 920 3048 maritum
945 2989 1069 3048 dole0.’‘
1093 2989 1204 3062 Neque
1228 2991 1384 3064 temporis

202 3106 303 3165 huius
334 3106 411 3165 illud
444 3107 494 3165 est
524 3121 627 3179 neque
658 3105 737 3178 loci;
771 3104 849 3163 illud
880 3119 976 3162 nemo
1005 3105 1107 3178 rogat,
1131 3103 1291 3178 habetque
1315 3104 1385 3163 duri

203 3220 327 3293 aliquid
351 3235 370 3279 a
392 3219 554 3293 loquentis
577 3233 715 3293 persona
738 3218 832 3292 plane
855 3217 1008 3276 alienum.
1034 3217 1114 3293 Quid
1138 3218 1222 3290 quod
1241 3233 1304 3277 uno
1324 3219 1385 3276 hoc

202 3348 303 3394 versu
335 3335 469 3406 excepto
497 3332 665 3407 Penelope,
691 3347 771 3405 quae
795 3332 834 3390 de
856 3331 976 3404 Ulysse
1000 3332 1169 3404 tamquam
1194 3331 1384 3391 demortuo

202 3446 357 3521 loquitur,
389 3444 455 3505 fllio
486 3461 526 3504 ne
559 3446 633 3519 quid
665 3446 790 3505 accidat
820 3446 916 3504 timet
939 3444 1175 3520 tantummodo,
1201 3446 1383 3519 nequedum

203 3559 357 3632 desperat
388 3559 426 3618 de
458 3559 527 3618 eius
558 3559 672 3618 reditu.
704 3558 826 3618 Verum
849 3559 953 3618 multo
977 3558 1108 3632 gravius
1132 3558 1267 3632 deliquit
1289 3559 1383 3618 inter-

202 3673 333 3749 polator
355 3671 581 3746 pulcherrimis
604 3672 752 3731 versibus

384 3792 437 3845 rod
462 3779 492 3844 δ’
520 3781 709 3865 ἀμφιτρομέω
733 3781 783 3843 καὶ
807 3781 914 3844 δέδάια
937 3782 977 3861 μή
1001 3806 1028 3842 τι
1051 3783 1178 3867 πάθῃσι,

383 3895 403 3978 ἢ
427 3897 497 3980 ὅγε
520 3907 578 3959 τῶν
601 3896 645 3959 ἐνὶ
672 3897 756 3983 δήμῳ
780 3893 823 3957 ἵν’
849 3897 966 3977 οἴχεται,
988 3894 1076 3982 ilict
1095 3895 1203 3982 πόντῳ.

203 4011 355 4074 1111166166
377 4015 475 4074 hosce
498 4015 531 4074 et
554 4014 690 4074 vitiosos
713 4013 875 4074 addendo:

385 4124 541 4204 δυσμενέες
564 4124 620 4208 γάρ
637 4121 747 4186 πολλοὶ
770 4121 820 4185 ἐπ’
847 4125 926 4211 αὐτῷ
947 4125 1159 4205 μηχανάονιαι,

386 4236 520 4318 διέμενον
545 4245 656 4301 κτεῖναι
678 4237 749 4318 πρὶν
773 4239 900 4319 πατρίδα
922 4244 1012 4320 γαῖαν
1035 4236 1161 4299 ἱκέσθαι.

248 4355 361 4427 Neque
393 4355 480 4414 enim
511 4371 689 4430 pronomen
711 4355 880 4429 personale
904 4352 994 4437 αὐτῷ,
1016 4370 1120 4429 neque
1143 4355 1307 4414 structura
1332 4375 1387 4428 μη-

201 4470 359 4550 χανᾶσθαι
382 4464 432 4527 ἐπί
448 4491 506 4528 ανι
525 4484 628 4544 neque
650 4469 794 4529 defectus
814 4468 992 4530 accusativi
1011 4469 1066 4544 qui
1087 4468 1175 4527 verbi
1195 4469 1390 4545 μηχανᾶσθαι
