3310 5262
506 1859 766 1968 LIBER
816 1861 1011 1968 XXII.

216 2329 235 2385 6
262 2342 309 2399 sq.
335 2327 433 2385 Hisce
457 2326 497 2385 ad
520 2343 633 2400 procos
656 2327 758 2386 utitur
781 2327 880 2385 minis
903 2327 1056 2400 Ulysses:

329 2450 386 2498 νῦν
411 2429 479 2498 αὖτε
504 2438 616 2499 σκοπὸν
639 2437 738 2515 ἄλλον,
761 2434 796 2498 ὃν
820 2436 857 2499 οὔ
879 2440 925 2498 πώ
948 2462 991 2510 τις
1010 2435 1112 2517 ’βάλεν
1136 2437 1222 2517 ἀνήρ,

327 2552 466 2629 ἔείσομαι
491 2552 527 2611 αἴ
545 2573 577 2612 κε
599 2553 719 2631 τύχωμι,
742 2551 820 2637 πόρῃ
844 2550 876 2612 δέ
900 2575 950 2629 μοι
973 2544 1057 2630 εὖχος
1081 2553 1236 2612 Ἀπόλλων.

216 2667 331 2727 Merito
351 2667 524 2727 lectionem
542 2666 666 2743 Ησομαι
687 2667 717 2737 (i.
739 2683 766 2726 e.
787 2664 1019 2743 ἑκιπορεύσομαι
1039 2669 1075 2726 ut
1094 2667 1256 2727 Eustathii
1275 2669 1354 2726 utar¹

173 2783 282 2851 verbo)
314 2781 482 2841 reiecistiS.
512 2782 573 2840 Sed
601 2797 706 2855 neque
728 2780 867 2856 fcieoeaa
891 2782 1019 2856 probari
1041 2781 1134 2841 vobis
1157 2780 1348 2855 significatis

173 2895 375 2956 annotando:
417 2895 466 2970 „ei
503 2894 593 2953 verbi
629 2893 762 2953 eedem
797 2896 848 2954 est
878 2895 1034 2969 futurum,
1067 2896 1212 2953 vertatur
1243 2910 1349 2953 nunc

173 3010 306 3069 seiam
331 3009 549 3083 (experiar)
574 3008 761 3068 aliumne
784 3023 955 3082 scopum
979 3010 1156 3082 tangere
1179 3007 1348 3081 possim.

172 3121 333 3182 Neutrum
352 3125 464 3182 tamen
486 3122 622 3181 verbum
646 3123 728 3180 satis
752 3123 814 3180 huc
839 3121 983 3196 quadrat,
1010 3123 1204 3195 quapropter
1224 3136 1348 3194 corrup·

172 3236 245 3294 tum
275 3237 383 3296 locum
420 3251 491 3295 esse
523 3236 758 3309 suspicamur.”
781 3236 908 3293 Revera
931 3236 1042 3293 autem
1067 3237 1252 3308 corruptum
1277 3249 1349 3293 esse

172 3363 236 3408 non
278 3349 383 3423 potuit
418 3348 535 3408 melius
571 3348 795 3423 demonstrari,
832 3363 930 3420 quam
965 3349 1114 3408 versione
1149 3349 1214 3422 illa,
1251 3362 1349 3420 quam

172 3462 361 3536 proponite.
405 3461 482 3536 Quis
524 3463 611 3521 enim
653 3462 752 3521 istam
794 3461 905 3536 probet
943 3463 1116 3522 verborum
1151 3463 1350 3520 structuram

174 3573 346 3635 σκοπὸν...
377 3574 516 3650 ἕείσομαι
547 3574 639 3633 αἴκε
670 3575 803 3652 textum?
834 3575 951 3634 Latina
982 3589 1020 3634 ea
1043 3577 1102 3650 eet,
1128 3590 1192 3633 non
1217 3574 1348 3634 Graeca.

175 3687 261 3762 Opus
285 3690 395 3748 autem
420 3689 470 3748 est
492 3689 545 3747 hie
568 3688 676 3763 verbe
702 3688 793 3747 euius
817 3688 979 3747 obiectum
1004 3703 1075 3747 esse
1095 3688 1199 3762 possit
1218 3687 1348 3748 σκοπόνε

173 3803 245 3862 tum
265 3802 398 3862 demum
417 3803 498 3862 bene
515 3802 662 3862 decurret
675 3802 846 3861 sementia.
861 3802 1048 3875 Legendum
1061 3817 1175 3861 censeo
1190 3800 1349 3877 σεήσομαιε

178 3917 298 3988 „alium
321 3917 403 3974 mihi
427 3930 561 3989 scopum
584 3931 770 3990 proponam,
796 3931 838 3975 an
861 3915 943 3975 forte
967 3917 1100 3988 tangere
1123 3915 1279 3988 poseim”.
1304 3915 1351 3973 De

175 4027 243 4102 ipso
278 4028 375 4089 verbo
411 4029 449 4088 cf.
486 4051 500 4086 τ
534 4030 613 4088 139:
650 4026 817 4111 σιησαμένῃ
849 4026 941 4107 μέγαν
971 4026 1071 4102 ἱστόν;
1104 4028 1187 4087 Sibi
1219 4028 1351 4087 telam

173 4142 326 4213 posuit.
360 4144 393 4202 Si
424 4142 496 4217 quis
527 4145 638 4202 autem
669 4142 763 4202 dicit:
797 4141 940 4219 στήσομαι
972 4141 1094 4215 σκοπόν,
1121 4143 1255 4202 nonita
1282 4143 1351 4202 eius

176 4257 272 4315 verba
303 4256 487 4330 accipienda
511 4259 596 4332 sunt,
621 4258 658 4316 ut
682 4271 757 4314 eum
781 4258 933 4330 putemus
956 4256 1107 4316 manibus
1131 4256 1251 4329 aliquid
1276 4257 1350 4315 alla-

175 4370 284 4429 turum
304 4371 337 4429 et
355 4370 507 4429 manibus
527 4370 643 4430 alieubi
663 4369 823 4442 fixurum3
844 4371 892 4429 sic
912 4371 999 4429 enim
1020 4372 1053 4430 et
1072 4371 1125 4429 ille
1145 4369 1232 4442 loqui
1244 4371 1352 4443 potest

175 4483 228 4555 qui
251 4485 354 4543 menti
377 4499 456 4544 suae
480 4485 599 4558 aliquid
624 4486 675 4543 est
697 4485 930 4557 propositurus.
