3310 5262
833 655 874 716 82

277 847 523 921 argumentum:
557 843 724 920 „lubenter
754 843 905 903 statim
936 844 1046 903 omnia
1068 844 1246 919 Penelopae
1268 860 1445 922 narrarem,

275 962 338 1021 nisi
368 962 494 1021 metum
524 958 605 1016 mihi
636 957 795 1017 incuteret
825 957 890 1016 ista
916 972 1087 1032 procorum
1108 957 1220 1033 turba;
1245 960 1349 1019 satius
1372 975 1448 1034 ergo

217 1151 220 1156 Ι
275 1072 536 1148 exspectabimus
567 1070 667 1129 donec
697 1068 745 1128 1111
777 1069 947 1130 abierint.''
978 1069 1098 1145 Utique
1129 1087 1204 1145 ergo
1234 1088 1283 1134 vs.
1308 1074 1372 1133 563
1396 1074 1447 1132 de-

272 1187 387 1247 lendus
410 1187 470 1246 est.

318 1410 383 1470 580
406 1425 475 1483 sqq.
500 1408 594 1469 Solus
614 1422 689 1482 ergo
709 1406 749 1466 ad
769 1406 949 1481 Penelopen
969 1407 1052 1468 redit
1070 1408 1234 1469 Eumaeus
1252 1414 1449 1486 rogatusque

273 1524 312 1583 ab
348 1539 386 1583 ea
420 1523 530 1597 quidni
563 1522 726 1595 hospitem
760 1536 873 1581 secum
908 1522 1054 1598 adducat,
1090 1538 1188 1596 quarn
1222 1525 1362 1597 prudens
1393 1526 1448 1586 ille

274 1637 397 1697 dederit
419 1636 590 1698 consilium
612 1635 665 1695 his
687 1637 799 1696 narrat
821 1635 945 1695 verbis:

450 1745 592 1828 μυθέεται
615 1745 690 1808 κατὰ
712 1752 830 1828 μοῖραν,
852 1746 872 1807 ἅ
894 1744 947 1827 πέρ
970 1742 998 1807 κ’
1025 1743 1115 1809 diocto
1139 1747 1188 1809 καὶ
1212 1747 1308 1828 ἄλλος,

449 1863 539 1944 ὕβριν
562 1860 734 1935 ἀλυσκάζων
757 1859 877 1941 ἀνδρῶν
899 1860 1169 1942 ὑπερηνορεόντων·

450 1974 523 2037 ἀλλά
547 1992 579 2036 σε
601 1981 699 2054 μεῖναι
722 1971 837 2056 ἄνωγεν
860 1973 889 2048 ἒς
913 1972 1012 2054 ἠέλιον
1034 1976 1211 2036 καταδύντα.

450 2088 500 2151 καὶ
524 2086 556 2150 δὲ
579 2087 626 2150 σοὶ
653 2080 706 2148 dt'
733 2087 808 2173 αὐτῇ
832 2087 908 2148 πολὺ
931 2087 1061 2166 κάλλιον,
1083 2080 1105 2147 ὦ
1129 2088 1272 2168 βασίλεια,

340 2207 404 2266 584
451 2203 518 2281 οἴην
541 2201 615 2278 πρὸς
639 2203 735 2274 ξεῖνον
759 2201 877 2277 φάσθαι
901 2199 994 2273 ἱέντος
1018 2196 1068 2279 ἠδ’
1095 2199 1267 2263 ἐπακοῦσαι.

319 2319 515 2396 Quantocius
546 2317 760 2377 abiiciendum
791 2315 944 2375 ultimum
976 2331 1108 2377 versum
1136 2318 1222 2389 (584)
1247 2334 1371 2379 censeo.
1396 2320 1449 2379 An

273 2451 349 2494 vero
373 2448 438 2494 non
457 2432 527 2492 sola
546 2447 621 2491 cum
640 2430 709 2490 solo
730 2429 925 2502 colloquium
944 2430 1112 2492 habuisset
1131 2431 1299 2506 Penelope,
1321 2433 1350 2492 si
1362 2449 1450 2492 nunc

272 2548 386 2608 statim
417 2547 486 2606 eius
517 2545 647 2604 initium
677 2544 801 2603 sactum
832 2545 943 2603 esset?
974 2544 1092 2605 Postea
1122 2545 1153 2616 (l.
1185 2545 1273 2616 XIX)
1304 2546 1375 2620 ipsa
1405 2547 1446 2606 ad

270 2661 425 2735 Ulyssem
455 2660 546 2719 venit
576 2658 633 2718 sed
659 2657 811 2732 profectis
834 2658 967 2717 demum
989 2659 1112 2732 procis:
1137 2659 1277 2718 interdiu
1301 2661 1333 2718 et
1354 2675 1445 2734 prae-

270 2775 417 2834 sentibus
436 2773 501 2833 illis
520 2773 552 2831 id
572 2786 738 2846 nunquam
757 2771 863 2831 facere
883 2779 966 2831 ausa¹
983 2774 1079 2832 esset.
1097 2773 1179 2847 Ergo
1192 2773 1447 2847 quamprimum

270 2887 487 2961 interrogandi
517 2885 671 2960 Ulyssem
696 2884 810 2959 cupida
833 2884 975 2959 primum
999 2901 1074 2945 eum
1098 2887 1137 2946 ad
1161 2886 1365 2946 sevocavit:
1390 2885 1446 2946 ille

270 3018 346 3062 vero
377 3001 486 3061 venire
517 2999 621 3058 noluit
651 2998 774 3058 veritus
806 3013 846 3057 ne
875 3013 894 3057 a
924 2999 1029 3072 procis
1054 2998 1280 3059 observaretur
1303 2999 1380 3058 dum
1405 3000 1446 3058 ad

270 3117 361 3176 illam
386 3112 436 3173 διὰ
459 3121 512 3173 τοῦ
536 3110 666 3193 μεγάρου
690 3112 881 3173 ambularet.
