3310 5262
824 711 865 769 86

257 914 319 971 quo
342 898 520 972 periculum
544 897 641 956 fuerit
663 911 703 954 ne
726 896 844 970 hospes
869 895 922 954 ille
942 910 1044 954 senex
1063 894 1268 955 occumberet
1288 895 1430 969 plagam·
1546 915 1549 919 ·

258 1028 319 1085 que
343 1013 501 1086 acciperet
524 1010 665 1070 letalem.
690 1009 869 1068 Delendum
893 1024 968 1083 ergo
992 1023 1107 1068 censeo
1130 1023 1263 1068 versum

478 1118 511 1194 ὃς
533 1120 585 1181 τὸν
608 1122 703 1194 ξεῖνον
727 1119 814 1192 ἔασας
838 1118 1087 1197 ἀέεικισθήμεναι
1111 1119 1198 1181 οὕτω.

301 1238 406 1297 Verba
429 1239 540 1297 autem
563 1234 742 1314 ῥυστακτύος
766 1232 795 1306 ἐξ
818 1231 968 1314 ἀλεγεινῆς
992 1237 1049 1294 aut
1072 1235 1112 1294 ad
1135 1235 1242 1309 ipsum
1266 1238 1433 1296 certamen

257 1353 334 1410 sunt
353 1351 520 1410 referenda
538 1351 594 1408 aut
614 1350 654 1408 ad
674 1348 943 1408 contumeliosam
962 1365 1132 1424 procorum
1152 1349 1328 1426 libidinem,
1350 1366 1433 1425 quae

257 1465 335 1524 illud
358 1464 555 1540 provocavit.

302 1727 365 1786 254
390 1742 437 1800 sq.
462 1727 507 1787 De
530 1728 650 1802 Ulysse
674 1728 753 1786 haec
776 1728 853 1786 sunt
876 1706 975 1785 verba
998 1726 1192 1800 Penelopae:

436 1839 460 1899 εὶ
483 1839 579 1912 κεῖνός
602 1835 630 1919 γ’
659 1837 756 1899 ἐλθὼν
779 1838 830 1898 τὸν
854 1837 925 1915 ε’μὸν
948 1838 1015 1916 βίον
1039 1835 1247 1915 ἀμφιπολεύοι,

434 1953 532 2029 μεῖζόν
556 1975 587 2013 ιιε
610 1949 692 2024 κλέος
715 1951 760 2029 εἴη
785 1949 855 2030 ε’μόν
878 1949 934 2010 κτὲ.

300 2067 586 2127 Emendandumne
616 2067 694 2126 illud
725 2063 776 2123 τὸν
807 2063 877 2140 ἐμὸν
907 2064 975 2142 βίον
1006 2081 1047 2124 an
1078 2065 1282 2126 retinendum
1313 2068 1349 2125 ut
1379 2067 1433 2127 vel

256 2182 324 2256 ipse
349 2181 475 2240 articuli
499 2196 578 2240 usus
601 2180 814 2240 recentiorem
838 2181 968 2253 poetam
993 2180 1130 2252 arguat?

302 2445 364 2503 271
397 2460 465 2518 sqq.
497 2444 674 2516 Postquam
705 2442 739 2501 in
768 2442 880 2501 eadem
905 2443 944 2501 ad
968 2457 1081 2516 procos
1105 2441 1249 2501 oratione
1273 2442 1433 2516 Penelope

257 2558 381 2617 iussam
415 2573 451 2616 se
486 2572 504 2615 e
539 2556 656 2615 marito
689 2556 882 2630 discedente,
922 2569 995 2614 cum
1027 2554 1113 2615 filius
1137 2555 1176 2614 ad
1212 2555 1356 2614 adultam
1381 2571 1431 2615 ve·

257 2673 359 2731 nisset
390 2672 542 2745 aetatem,
574 2668 693 2730 nubere
724 2669 775 2728 cui
807 2668 906 2728 vellet
938 2668 1009 2743 ipsa
1040 2668 1320 2743 commemoravit,
1353 2669 1433 2728 haec

259 2785 364 2844 addit:

432 2901 529 2966 κεῖνος
552 2905 607 2966 τῶς
630 2893 761 2974 ἀγόρευε·
784 2894 820 2955 τὰ
843 2895 880 2973 δή
905 2903 962 2955 νῦν
985 2895 1082 2954 ιιάντοι
1105 2899 1233 2955 τελεῖται,

375 3076 377 3080 ,
434 3007 488 3081 νὺξ
513 3005 542 3069 δ’
569 3008 657 3083 ἔσται,
682 3009 727 3070 ὅτε
751 3008 788 3086 δή
813 3008 951 3088 στυγερὸς
974 3009 1067 3087 γάμος
1091 3006 1277 3086 ἀντιβολήσει

434 3119 577 3200 ὀλομένής
601 3121 717 3199 ἐμέθεν,
739 3131 790 3200 τῆς
814 3145 843 3182 τε
869 3123 944 3194 Ζεὺς
969 3121 1058 3201 ὄλβον
1079 3120 1205 3200 datico.

302 3237 379 3297 Mire
403 3238 526 3297 dicium
550 3236 643 3314 γάμος
667 3235 876 3315 ἀντιβολήσει.Ι

303 3503 364 3562 281
391 3518 459 3575 sqq.
495 3501 578 3561 Tum
612 3518 726 3576 procos
762 3503 932 3578 vituperat,
970 3502 1023 3575 qui
1058 3518 1122 3562 non
1154 3502 1260 3561 itaut
1289 3501 1435 3575 oporteat

257 3632 334 3675 suas
357 3618 470 3690 petant
493 3616 642 3690 nuptias:
667 3618 752 3676 hunc
772 3617 862 3675 enim
882 3632 954 3675 esse
977 3631 1102 3675 morem
1124 3616 1157 3674 in
1178 3630 1279 3674 uxore
1298 3613 1435 3688 petenda

257 3731 293 3787 ut
327 3730 414 3802 proci
450 3729 489 3788 ad
525 3744 606 3804 eam,
640 3745 739 3802 quam
771 3730 886 3788 ducere
918 3729 1058 3804 cupiant,
1092 3728 1153 3803 ipsi
1182 3727 1320 3787 afferant
1344 3726 1436 3799 dona,

258 3858 322 3901 non
345 3845 380 3902 ut
406 3843 475 3902 eius
498 3842 582 3902 bona
606 3842 791 3902 absumant.
818 3843 983 3916 Sequitur:

416 3946 454 4026 ὦς
475 3949 565 4030 ’φάθ’
590 3952 738 4033 ἐγήθησεν
763 3951 795 4013 δὲ
818 3953 963 4026 πολυτλάς
989 3954 1051 4026 δῖος
1070 3950 1241 4028 Ὀδυσσεὺς,

413 4067 521 4127 olivum
544 4075 601 4127 τῶν
626 4063 679 4145 μὲν
703 4069 784 4148 δῶρα
809 4069 990 4149 capsitano,
1010 4063 1110 4147 ’θέλγε
1135 4063 1166 4126 δὲ
1190 4064 1293 4144 θυμὸν

414 4179 577 4259 μειλιχίοισι
600 4178 730 4240 fectioni·
757 4215 799 4223 —
826 4181 896 4254 νόος
921 4179 954 4240 δέ
979 4174 1113 4241 1111111
1141 4177 1287 4257 ἐμενοίνα.

304 4296 354 4355 Ad
385 4311 433 4354 vs.
468 4295 531 4354 283
563 4296 744 4355 annotatis:
780 4296 850 4370 „foi
879 4294 1371 4366 1111111(11111111111ο111111111;
1398 4295 1439 4353 at

257 4408 344 4470 alia
367 4409 457 4484 ipse
480 4409 622 4483 procis
645 4409 936 4480 intendebat)?
962 4407 1141 4469 Contentus
1163 4409 1276 4468 tamen
1297 4408 1330 4466 et
1349 4407 1438 4466 locus

255 4522 365 4596 parali.
402 4523 421 4600 β
457 4523 498 4580 92
534 4523 671 4581 suadent
706 4524 743 4581 ut
776 4523 814 4581 ad
848 4523 1092 4596 Penelopen
1122 4521 1229 4596 potius
1260 4533 1438 4595 pronomen
