3310 5262
629 625 635 634 “
739 647 800 706 115

183 838 270 897 ratur
302 838 423 912 optime
458 836 579 911 sentio,
616 837 649 894 et
681 849 778 894 verae
809 834 957 894 lectionis
987 836 1113 909 partem
1145 851 1269 910 quoque
1300 837 1353 896 hic

183 949 390 1025 deprehendo,
422 950 479 1009 sed
509 949 668 1023 quomodo
699 948 804 1007 totam
832 948 1004 1008 restituam
1036 964 1099 1009 non
1129 949 1231 1009 video.
1262 950 1351 1024 „Non

182 1081 293 1125 omnes
313 1066 444 1125 simul”.
466 1064 546 1139 Quid
566 1064 760 1138 opponitur?
779 1063 958 1123 Nimirum:
979 1064 1089 1124 ordine
1101 1068 1134 1124 et
1146 1081 1204 1124 suo
1216 1066 1352 1139 quisque

180 1180 333 1254 ternpore.
358 1180 394 1239 Id
417 1181 528 1238 autern
552 1178 585 1236 in
608 1172 637 1248 ἕξ
660 1177 757 1249 latet;
783 1178 904 1236 etenim
924 1192 989 1237 vox
1009 1193 1071 1252 qua
1090 1179 1142 1237 hic
1162 1194 1269 1239 carere
1289 1195 1353 1240 non

180 1308 353 1366 possumus
377 1294 428 1352 est
449 1288 550 1368 ἑξείης.

224 1520 322 1580 Paulo
356 1521 430 1594 post
463 1517 600 1591 Ulysses
634 1532 711 1576 suas
746 1517 854 1590 copias
885 1517 1085 1577 adhortatur·
1106 1520 1138 1578 et
1168 1519 1229 1578 hoo
1251 1521 1353 1580 utitur

181 1634 330 1694 exordio:

226 1749 288 1808 262
425 1737 448 1805 ὦ
471 1743 563 1822 φίλοι,
584 1740 644 1822 ἤδη
668 1739 722 1821 μέν
744 1765 795 1803 κεν
819 1741 875 1823 ἐγὼ
897 1742 1032 1821 ἔείποιμι
1054 1741 1105 1803 καὶ
1126 1735 1208 1823 ἧμιν.

226 1860 306 1935 Quid
326 1860 388 1919 sibi
408 1859 478 1918 vult
497 1859 585 1918 istud
604 1852 654 1916 καὶ
673 1846 767 1934 ipro?
786 1858 837 1916 An
857 1858 971 1931 Agelai
984 1859 1212 1919 allocutionem
1225 1862 1355 1922 audisse

182 1974 359 2033 censendus
390 1975 441 2032 est
470 1972 616 2046 Ulysses,
642 1973 679 2029 ut
701 1971 770 2044 ipse
794 1985 879 2029 nuno
903 1971 950 2029 sio
973 1971 1123 2045 incipiat:
1151 1975 1279 2047 „audivi
1303 1977 1354 2035 ad-

182 2089 396 2148 versariorum
432 2087 548 2146 ducem
584 2086 763 2145 orationem
795 2085 988 2159 habentem;
1019 2102 1105 2145 nunc
1127 2089 1164 2145 ut
1187 2088 1299 2161 opinor
1323 2091 1355 2148 et

181 2202 270 2261 nobis
301 2202 494 2261 allocutione
518 2216 598 2275 opus
622 2201 718 2259 est”?
742 2200 828 2259 Satis
852 2199 1006 2273 absurde;
1038 2201 1112 2260 vide
1135 2217 1216 2275 quae
1241 2203 1281 2261 ad
1305 2218 1353 2263 vs,

119 2385 121 2392 Ι
183 2317 244 2375 248
269 2332 337 2390 sqq.
364 2316 604 2376 annotavimus,

224 2542 288 2601 312
319 2556 387 2614 sqq.
419 2540 583 2600 Resistere
614 2538 681 2597 iam
708 2537 821 2612 Ulyssi
844 2538 976 2612 eiusque
1001 2538 1173 2598 comitibus
1197 2555 1261 2599 non
1284 2556 1353 2614 pos-

182 2657 256 2713 sunt
289 2653 385 2729 proci,
422 2654 479 2713 sed
510 2654 625 2726 ingens
655 2649 692 2710 fit
723 2667 835 2710 eorum
866 2654 993 2726 strages
1020 2655 1188 2727 tamquam
1215 2654 1355 2714 imbellis

182 2768 313 2841 pecoris.
349 2768 410 2826 Hic
446 2779 618 2840 procorum
652 2780 736 2823 unus
770 2765 907 2839 supplex
931 2782 966 2826 se
1000 2766 1112 2840 Ulyssi
1148 2770 1223 2826 ante
1258 2768 1355 2841 pedes

182 2881 306 2953 proiicit
329 2883 361 2940 et
384 2880 432 2940 sic
454 2881 620 2954 precatur:

336 2991 506 3071 γουνάομαί
527 2985 565 3069 σ’,
584 2984 718 3066 Ὀδυσεῦ,
741 2989 778 3049 σὺ
802 2987 835 3049 δέ
857 2983 884 3066 μ’
910 2990 992 3050 αἴδεο
1016 2991 1069 3050 καί
1089 2985 1115 3068 μ’
1138 2988 1266 3068 ἐλέησον·

334 3104 371 3166 οὐ
394 3104 450 3187 γάρ
473 3106 519 3166 πώ
542 3127 608 3165 τινα
632 3100 710 3181 φημὶ
732 3111 884 3183 γυναικῶν
905 3101 937 3162 ἐν
961 3103 1112 3184 μεγάροισι

334 3214 482 3296 ἱειπέμειῖ
508 3215 580 3280 οὐδέ
604 3241 630 3277 τι
653 3214 734 3297 ῥέξαι
758 3215 938 3277 ἀτάσθαλον
962 3215 1035 3278 ἀλλὰ
1059 3216 1108 3277 καὶ
1131 3214 1239 3290 ἄλλους

330 3327 495 3393 ’παύεσκον
519 3340 697 3411 μνηστῆρας,
723 3330 782 3403 ὅτις
805 3330 927 3391 τοιαῦτά
950 3353 982 3412 γε
1006 3329 1090 3411 ῥέζοι.

224 3449 304 3507 Mira
338 3447 490 3506 defensio,
528 3446 688 3506 Haeccine
723 3457 797 3520 ergo
836 3446 1007 3520 praecipua
1036 3461 1206 3519 procorum
1238 3446 1355 3506 iniuria

181 3562 263 3634 quod
288 3560 423 3620 ancillas
446 3559 576 3632 Ulyssis
599 3559 731 3618 dictis
754 3558 970 3631 factisque
998 3558 1251 3618 laedebant?
1274 3559 1354 3620 Nus·

181 3691 279 3747 quam
315 3689 370 3733 eos
404 3674 464 3732 hoc
498 3673 629 3731 nomine
659 3672 799 3745 legimus
830 3673 1028 3745 reprehendi,
1061 3674 1117 3732 sed
1149 3675 1232 3746 quod
1255 3674 1355 3734 boves

181 3803 318 3861 suesque
350 3787 564 3846 absumebant
592 3787 765 3859 vinumque
790 3785 997 3846 effundebant
1023 3788 1083 3846 hoc
1107 3790 1139 3847 et
1162 3788 1355 3848 Telemacho

182 3905 214 3962 et
233 3903 345 3976 Ulyssi
363 3900 455 3959 illum
468 3900 681 3973 gravissimae
695 3899 855 3959 vindictae
869 3900 1047 3975 inspirabat
1059 3917 1221 3975 amorem;
1243 3904 1356 3962 deinde

181 4019 312 4078 omnino
344 4015 500 4076 adversus
531 4030 644 4073 omnes
676 4014 909 4074 contumeliose
940 4031 976 4074 se
1004 4016 1166 4090 gerebant,
1192 4019 1356 4090 postremo

181 4131 345 4191 nonnullis
367 4144 479 4187 eorum
500 4128 690 4187 ancillarum
710 4129 822 4185 noctes
842 4143 898 4200 pro
919 4129 1054 4188 iniuriae
1074 4130 1204 4188 fuerunt
1217 4131 1355 4190 cumulo.

183 4246 325 4305 Huccine
369 4258 443 4314 ergo
477 4240 631 4315 supplicis
670 4239 772 4298 nostri
808 4241 906 4301 verba
940 4245 1112 4317 spectant?
1145 4242 1216 4301 Non
1251 4243 1357 4302 ausim

182 4374 309 4433 negare,
346 4371 543 4429 quamquam
576 4353 657 4413 satis
688 4353 795 4426 inepte
819 4354 897 4413 illud
921 4357 968 4414 sic
991 4353 1192 4429 significatur
1214 4360 1358 4434 γυναῖκας

180 4473 297 4531 francio
316 4467 367 4529 καὶ
386 4466 465 4546 ῥέξαι
485 4467 664 4527 ἀτάσθαλον.
686 4466 831 4540 ineptius
851 4469 964 4526 tamen
984 4468 1084 4526 etiam
1105 4469 1188 4540 quod
1212 4470 1358 4542 sequitur
