3310 5262
850 677 913 737 110

291 866 347 926 sed
371 882 449 926 vera
471 869 583 925 tamen
606 881 670 924 non
694 880 766 924 esse
789 865 926 924 videtur.
951 864 1034 923 Vos:
1059 861 1106 922 itv
1129 859 1302 941 ἀποπροϊεὶς
1322 860 1406 945 ’βάλε
1429 868 1468 926 fr

292 997 332 1039 στ.
355 1001 385 1038 π.
409 1004 429 1056 μ
471 979 523 1039 Sic
552 980 735 1039 restituitur
765 978 983 1038 usitatissima
1017 979 1190 1053 structura,
1234 994 1297 1052 qua
1331 979 1467 1040 feriendi

291 1095 543 1166 vulnerandique
577 1093 676 1153 verba
717 1093 877 1167 duplicem
912 1093 1033 1152 habent
1066 1095 1290 1153 accusativum
1325 1095 1466 1155 alterum

290 1211 433 1269 hominis
464 1209 517 1283 qui
548 1208 670 1283 seritur,
704 1208 844 1267 alterum
868 1208 937 1266 eius
965 1209 1106 1281 corporis
1129 1209 1232 1281 partis
1256 1223 1319 1280 qua
1341 1209 1465 1269 feritur.

292 1326 353 1386 Sed
376 1324 529 1384 hocloco
552 1323 623 1396 ipsa
646 1322 702 1381 illa
724 1324 888 1382 structura
911 1323 1019 1382 nescio
1043 1323 1119 1395 quid
1138 1323 1237 1382 hauet
1256 1323 1335 1383 duri.
1358 1323 1466 1396 Sequi-

290 1443 344 1499 tur
367 1439 472 1498 enim:

469 1547 500 1608 ἐν
524 1546 557 1608 όέ
583 1549 635 1607 ἔοι
658 1543 741 1625 ἥπαό
768 1546 856 1624 ἔπηξε
879 1545 958 1608 θοὸν
982 1545 1074 1625 βέλος.

334 1665 417 1738 Ergo
441 1662 504 1723 alio
525 1663 623 1722 modo
645 1677 778 1722 versum
803 1661 952 1735 equidem
975 1663 1227 1723 emendaverim.
1252 1662 1372 1736 Ecquid

468 1775 514 1836 ι’ὸν
538 1773 710 1855 ἄποπροϊεὶς
734 1773 819 1855 ἔβαλε
843 1780 953 1852 στῆθος
976 1773 1058 1854 παρὰ
1083 1775 1184 1853 μαζόν.

335 2005 387 2062 94.
418 2003 504 2061 Dum
535 2000 775 2075 Amphinomus
805 2001 929 2074 impetu
957 2000 990 2059 in
1012 1999 1167 2074 Ulyssem
1191 2000 1277 2060 facto
1300 2015 1319 2059 a
1342 2000 1466 2059 foribus

290 2133 366 2178 eum
396 2115 550 2190 repellere
581 2116 724 2190 conatur,
757 2115 791 2173 in
821 2117 950 2188 tergum
981 2114 1050 2173 eius
1081 2115 1174 2173 tanta
1197 2113 1229 2172 vi
1252 2113 1468 2173 Telemachus

290 2233 421 2290 hastam
445 2228 574 2288 coniicit
596 2230 634 2286 ut
656 2242 713 2300 per
735 2228 848 2300 pectus
872 2226 929 2286 illa
952 2229 1057 2286 exeat.
1081 2226 1181 2285 Tum:

231 2319 232 2324 Ἰ
464 2337 628 2417 ’δούπησεν
652 2337 684 2399 όέ
707 2338 814 2413 πεσὼν,
836 2339 933 2417 χθόνα
958 2335 985 2398 δ’
1013 2337 1102 2416 ἤλασε
1125 2337 1213 2398 παντὶ
1237 2338 1367 2423 μετώπῳ.

334 2457 482 2518 Recurrit
505 2456 608 2516 altera
632 2470 745 2515 versus
767 2470 843 2528 pars
867 2469 914 2514 vs.
941 2456 1021 2515 296:

467 2565 553 2645 ἤριπε
577 2564 609 2627 δὲ
631 2565 757 2646 πρηνὴς,
779 2566 876 2646 χθόνα
900 2561 929 2626 δ’
955 2564 1045 2644 ἤλασε
1068 2564 1156 2627 παντὶ
1180 2566 1310 2650 μετώπῳ.

335 2685 413 2744 Mire
436 2687 548 2743 tamen
572 2682 695 2742 dietum
719 2682 803 2742 istud
828 2680 916 2739 παντὶ
940 2679 1070 2765 μετώπῳ.
1096 2681 1185 2756 Quod
1204 2681 1364 2754 quomodo
1384 2683 1465 2742 acci·

290 2799 442 2873 piamus‘?
473 2797 524 2854 An
556 2797 603 2854 111
625 2796 708 2856 fere:
744 2795 849 2870 „haud
872 2795 967 2854 aliter
990 2796 1105 2856 cecidit
1127 2796 1225 2856 homo
1249 2809 1347 2867 quam
1371 2795 1467 2855 arbor

288 2913 493 2986 lignumque:
530 2925 604 2968 eum
638 2909 726 2968 enim
760 2909 878 2981 puncto
917 2909 1073 2982 temporis
1108 2910 1215 2968 omnis
1250 2909 1279 2970 ei
1313 2909 1467 2983 adempta

290 3028 377 3086 esset
410 3025 488 3098 vita,
524 3026 561 3083 ut
595 3025 732 3083 steterat
766 3024 812 3083 ita
847 3023 994 3099 concidit,
1027 3039 1157 3098 corpore
1188 3040 1292 3098 neque
1323 3023 1466 3098 collapso

289 3153 393 3211 neque
427 3137 627 3196 inclinato'’?
661 3136 705 3195 At
739 3136 786 3195 111
821 3136 875 3209 qui
910 3136 1029 3195 cadunt
1062 3138 1130 3196 toto
1166 3152 1296 3211 corpore
1326 3137 1466 3196 humum

289 3252 410 3312 feriunt
440 3252 473 3309 et
506 3251 594 3324 „toto
624 3249 738 3309 vultu”
770 3248 999 3323 potiusquam
1026 3251 1115 3324 „tota
1137 3250 1274 3310 fronte’'.
1300 3250 1361 3309 Sed
1384 3250 1466 3309 veri·

290 3365 397 3425 simile
429 3365 479 3422 est
510 3363 617 3436 ipsum
648 3365 779 3436 poetam
810 3378 875 3422 non
898 3363 995 3422 anxie
1019 3363 1211 3436 expendisse
1236 3363 1466 3422 vocabulorum

290 3478 406 3551 quibus
429 3478 575 3537 uteretur
597 3477 676 3552 vim,
701 3478 795 3537 unice
819 3478 857 3536 de
881 3492 979 3536 versu
1002 3477 1164 3551 implendo
1188 3477 1374 3537 sollicitum.

335 3703 376 3762 95
401 3718 470 3776 sqq.
495 3701 614 3761 Statim
638 3701 800 3774 sequitur:

471 3812 637 3892 Τηλέμαχος
661 3809 687 3874 δ’
715 3811 864 3891 ἀπόρουσε
886 3812 981 3874 λιπὼν
1004 3814 1188 3893 δολιχόσκιον
1211 3814 1293 3896 ἔγχος

468 3921 570 3988 αὐτόθ’
596 3925 628 3986 ἐν
654 3925 833 4010 Ἀμφινόμῳ·
856 3924 923 4006 περὶ
946 3924 1002 4006 γὰρ
1020 3921 1101 3988 'olle
1124 3928 1165 4007 μή
1188 3951 1230 4000 τις
1254 3932 1374 4008 Ἀχαιῶν

467 4040 549 4121 ἔγχος
572 4038 769 4118 ἀνελκόμενον
793 4040 976 4119 δολιχόσκιον
1000 4037 1019 4120 ἢ
1044 4038 1152 4102 ἐλάσειε

468 4153 612 4238 φασγάνῳ
636 4153 720 4228 όιίξοις
744 4150 778 4234 ἠὲ
800 4152 974 4234 προπρηνέα
997 4155 1104 4229 κόψας.

334 4273 384 4332 Ad
408 4269 427 4348 ἢ
451 4287 498 4331 vs.
524 4271 564 4329 97
597 4271 779 4330 annotatis:
812 4265 858 4346 „t
881 4263 914 4326 F
949 4286 980 4329 ν.
1012 4270 1219 4346 Herwerden‚
1251 4272 1321 4332 loeo
1354 4272 1466 4332 minus

290 4388 365 4459 apto
389 4399 567 4460 pronomen
589 4385 745 4444 inserens.
769 4383 868 4443 Nobis
892 4383 999 4457 ipsum
1023 4379 1042 4460 ἢ
1065 4386 1254 4457 suspectum
1274 4387 1341 4458 est;
1362 4387 1466 4445 tenta-

290 4499 399 4558 vimus
430 4496 522 4557 αὐιὸν
552 4494 701 4556 didonem
731 4497 772 4556 Et
802 4496 919 4555 merito
945 4497 1037 4556 vobis
1061 4499 1212 4571 suspecta
1236 4501 1287 4559 est
1310 4500 1374 4559 ista
1395 4515 1465 4573 par·
