3270 5262
706 687 747 750 33

130 882 315 954 rogarent?
338 879 557 954 Responderet
580 879 734 954 Ulysses:
760 874 827 957 Ei'p'
848 874 989 952 Ὀδυσεὺς
1012 879 1207 960 Λαερτιάδης.
1233 884 1313 960 Quid

129 997 207 1054 turn
232 996 369 1069 postea?

180 1212 227 1271 32
249 1225 319 1285 sqq.
339 1211 386 1270 Ne
403 1226 600 1284 quemquam
612 1211 742 1270 obviam
754 1210 956 1270 venientium
968 1210 1150 1284 alloquatur
1161 1211 1316 1286 Ulyssem

133 1326 287 1384 Minerva
311 1327 421 1384 monet
444 1326 504 1384 hoc
528 1326 736 1398 argumento:

321 1437 356 1497 οὐ
379 1436 435 1517 γὰρ
458 1438 573 1511 ξείνους
597 1437 658 1497 οἵδε
681 1432 744 1514 μάλ’
771 1434 953 1515 ἀνθρώπους
978 1434 1129 1515 ἀνέχονται

320 1546 385 1612 οὐδ’
411 1549 629 1631 ἀγαπαζόμενοι
653 1549 799 1627 (paldonis,
823 1549 855 1622 ὅς
877 1545 1045 1611 κ’ίίίλοθεν
1068 1550 1151 1636 ἔλθῃ·

322 1664 410 1743 νηυσί
432 1671 544 1750 θοῇσιν
570 1665 618 1725 τοί
637 1687 669 1745 γε
691 1663 868 1737 πεπονθότες
891 1661 1009 1748 ὠκείῃσι

233 1783 277 1841 35
324 1783 428 1856 λαῖτμα
452 1774 510 1858 μέγ’
536 1776 740 1857 ἕκπεροίουσιν,
763 1775 827 1838 ίπεί
848 1795 931 1854 σφισι
949 1773 1030 1839 ’δῶκ’
1057 1777 1229 1858 ἐνοσίχθων·

325 1902 382 1953 τῶν
404 1890 468 1965 νέες
491 1889 592 1953 ὠκεῖαι
615 1890 654 1964 ὡς
675 1893 702 1952 εἰ
723 1891 829 1971 πτερὸν
853 1890 886 1970 ἠὲ
909 1892 1014 1969 νόημα.

186 2007 363 2068 Elumbem
384 2023 455 2067 esse
475 2023 608 2067 versum
629 2009 680 2082 34,
695 2007 893 2080 minimeque
905 2007 1074 2067 ferendum
1086 2005 1175 2084 νηυσὶ
1188 2013 1321 2092 θοῇσι-

140 2118 268 2200 ὠιείῃσι
299 2120 468 2180 vobiscum
498 2122 613 2182 sentio.
645 2120 766 2180 Verum
790 2121 889 2180 nolite
913 2121 966 2180 hic
988 2109 1164 2196 quidquam
1187 2125 1324 2184 tentare.

142 2237 229 2310 Quid
267 2236 354 2294 enirn
388 2251 453 2295 non
486 2236 592 2310 potuit
623 2236 807 2308 delinquere
838 2237 1001 2310 poetaster
1030 2237 1084 2310 qui
1106 2252 1221 2296 versus
1245 2238 1326 2297 istos

146 2353 285 2410 34-36
312 2351 488 2410 adiecerit?
508 2350 594 2424 Quae
615 2351 702 2408 enim
722 2351 893 2409 intercedit
912 2351 994 2411 ratio
1015 2352 1099 2410 inter
1118 2352 1228 2411 odium
1241 2368 1326 2426 pere·

145 2466 319 2538 grinorum
351 2466 383 2523 et
412 2481 510 2524 usum
541 2465 755 2539 peritiamque
785 2465 983 2538 navigandi?
1014 2465 1170 2538 Equidem
1200 2482 1329 2540 semper

147 2581 266 2653 putavi
296 2594 359 2651 quo
390 2579 525 2652 quisque
555 2580 648 2653 plura
670 2579 878 2653 longioraque
901 2579 1026 2654 itinera,
1052 2580 1219 2640 maritima
1241 2597 1328 2655 prae-

149 2693 279 2767 sertim,
312 2691 418 2767 iaciat,
445 2708 481 2752 eo
505 2693 610 2766 magis
635 2707 709 2751 eum
734 2691 951 2767 φιλάνθρωπον
975 2691 1053 2768 fieri,
1080 2708 1154 2751 curn
1178 2698 1331 2769 expertus

149 2807 194 2864 sit
218 2805 304 2864 nihil
323 2808 487 2879 praestare
504 2806 689 2864 hominibus
709 2806 763 2879 qui
782 2805 919 2878 benigne
940 2807 1087 2880 excipere
1107 2807 1233 2867 soleant
1244 2825 1330 2882 pero·

151 2921 265 2992 grinos
289 2919 384 2992 longa
407 2920 613 2993 navigatione
636 2920 740 2979 sessos
763 2919 955 2991 fractosque.

199 3150 243 3208 69
270 3163 339 3220 sqq.
367 3147 481 3222 „Nulla
503 3148 639 3206 mulier'’
664 3148 808 3206 Minerva
831 3147 877 3206 ait
901 3147 939 3206 de
963 3147 1060 3206 Arete
1084 3148 1211 3207 Alcinoi
1233 3162 1333 3207 uxore

157 3276 295 3321 narrans
323 3261 374 3336 „in
398 3263 490 3321 tanto
514 3265 565 3322 est
588 3262 740 3321 honore.’'

406 3366 445 3445 ὦς
468 3376 551 3452 κείνη
573 3372 640 3454 περὶ
663 3382 731 3452 κῆρι
753 3374 901 3452 τετίμηταί
921 3397 950 3434 τε
974 3373 1024 3434 καὶ
1047 3373 1104 3434 ἔστι

319 3489 361 3548 70
407 3486 438 3546 ἔκ
460 3509 490 3548 τε
513 3487 609 3564 φίλων
630 3488 748 3548 παίδων
774 3486 805 3547 ἔκ
828 3484 848 3547 τ’
863 3483 964 3548 αὐτοῐ’
992 3487 1150 3548 Ἀλκινόοιο

407 3599 457 3661 καί
480 3606 570 3679 λαῶν,
593 3601 626 3662 οἴ
644 3602 695 3680 μίν
720 3601 756 3682 ῥα
779 3600 854 3662 θεὸν
878 3598 917 3673 ὣς
942 3602 1124 3680 εἰσοράονιες

410 3713 580 3795 ὄεδίέχαται
605 3716 759 3796 μύθοισιν,
781 3715 826 3776 ὅτε
850 3711 975 3799 στείχῃσ’
1001 3714 1059 3775 ἀνὰ
1081 3715 1186 3776 futuru.

410 3827 447 3890 οὐ
469 3825 524 3906 μὲν
547 3829 603 3909 γάρ
626 3851 653 3888 τι
675 3829 749 3890 νόου
773 3851 805 3909 γε
828 3827 878 3888 καὶ
901 3827 976 3906 αὐτὴ
1001 3829 1116 3892 δεύεται
1140 3827 1261 3905 ἐσθλοῦ,

408 3942 484 4026 ίῇσί
505 3937 526 4002 ι’
544 3940 761 4026 ἐπιφροσύνῃσι
784 3940 835 4001 κοί
859 3940 985 4018 ἀνδράσι
1008 3944 1106 4002 νείκεον
1130 3943 1201 4003 λύει.

212 4057 376 4118 Venabula
398 4079 426 4115 τε
450 4055 499 4115 καὶ
519 4055 577 4116 ἔστι
598 4060 747 4131 corrupta
767 4072 838 4116 esse
859 4073 932 4132 non,
954 4065 991 4117 ut
1010 4058 1065 4117 alii
1078 4059 1209 4131 quidam
1221 4057 1345 4116 faciunt

173 4171 318 4245 editores7
362 4171 585 4246 dissimulatio,
626 4172 682 4231 sed
717 4172 801 4230 hanc
835 4171 1013 4244 proponitis
1050 4171 1208 4230 evidentis
1242 4171 1346 4230 morbi

176 4284 367 4342 medicinam
397 4286 434 4344 ut
465 4284 569 4344 deleto
596 4301 694 4344 versu
719 4286 760 4344 70
784 4300 840 4358 pro
864 4305 893 4342 τε
917 4281 966 4341 καὶ
991 4282 1049 4342 ἔστι
1072 4284 1198 4358 legatur
1222 4280 1346 4342 τεκέεσσι

179 4399 207 4455 et
229 4403 289 4468 (vs.
315 4399 365 4467 71)
385 4395 434 4457 καὶ
453 4393 548 4458 λαοῖσ’
571 4416 627 4474 pro
647 4395 697 4456 καὶ
717 4403 805 4457 λαῶν.
827 4399 888 4458 Sed
904 4414 1007 4471 neque
1020 4399 1102 4458 lenis
1115 4401 1165 4458 est
1177 4398 1347 4473 medicina,

179 4527 277 4585 neque
313 4513 422 4585 aptum
457 4514 530 4573 huic
563 4515 631 4572 loco
664 4513 857 4574 vocabulum
889 4509 1015 4570 τεκέεσσι
1047 4513 1228 4581 (dicendum
1261 4514 1348 4570 enirn

1256 4619 1270 4660 e
