3310 5262
837 636 898 694 118

277 823 408 882 884-9
443 822 639 882 damnantis
673 822 876 896 Quamquam
908 824 997 882 totus
1020 825 1110 884 locus
1134 825 1216 884 satis
1240 827 1290 884 est
1313 825 1453 901 ineptus,

277 936 331 998 ubi
354 937 441 1010 proci
465 936 512 995 illi
537 935 705 995 exanimes
730 937 958 1009 comparantur
983 953 1058 997 cum
1081 938 1236 1013 piscibus,¹
1258 939 1329 1011 qui:

433 1042 544 1126 κύμαθ’
570 1044 639 1120 ἁλὸς
662 1045 825 1120 ποθέοντες
849 1045 897 1108 ἐπὶ
920 1048 1092 1126 ψαμάθοισι
1115 1046 1257 1128 κέχυνται.

322 1165 431 1224 Pisces
467 1164 563 1238 enim,
601 1163 654 1236 qui
689 1163 784 1223 effusi
818 1164 925 1223 iacent
959 1164 992 1222 in
1023 1164 1117 1224 litore
1149 1166 1279 1225 maris
1304 1166 1455 1225 undam

277 1278 593 1352 desideranteS,
616 1276 738 1337 saliunt
756 1279 793 1336 ut
812 1277 933 1351 opinor.
956 1277 1059 1351 Quam
1079 1278 1218 1338 absurda
1234 1282 1321 1339 esset
1334 1279 1453 1355 imago,

277 1391 435 1450 recentior
458 1390 590 1463 quidam
613 1390 823 1464 interpolator
846 1391 950 1449 sensit
974 1407 1112 1465 ergoque
1141 1393 1177 1452 ut
1200 1393 1288 1451 malo
1313 1394 1454 1453 medere·

278 1506 331 1562 tur
353 1504 515 1563 insulsum
538 1519 671 1563 versum
706 1503 838 1563 adiecit:

499 1624 558 1674 τῶν
582 1612 635 1692 μέν
658 1609 679 1674 τ’
705 1612 802 1693 ἠέλιος
825 1613 952 1692 φαέθων
975 1614 1095 1689 ἐξείλετο
1119 1617 1230 1694 θυμόν

277 1731 479 1803 alterumque
504 1734 613 1804 aperte
636 1732 871 1805 repugnantem
895 1732 1177 1805 praecedentibus:

364 1821 366 1825 Ι
433 1835 473 1914 ὧς
496 1837 550 1903 τότ’
576 1840 634 1922 άρα
657 1852 820 1922 μνηστῆρες
844 1839 892 1903 εἰτ’
919 1839 1117 1922 άλλήλοισ’
1143 1843 1286 1924 ἕκεχνντο.

322 1957 534 2032 Nampisces
558 1955 620 2016 ἐπὶ
643 1957 872 2035 ψαμάθοισι
894 1955 1047 2036 κέχυνται
1080 1961 1268 2034 dispersi
1291 1962 1398 2022 iacent
1421 1964 1457 2022 in

278 2071 382 2130 litore.

324 2300 387 2358 395
423 2314 491 2373 sqq.
527 2300 702 2359 Procorum
743 2300 870 2359 nullum
908 2316 1078 2375 superesse
1113 2303 1168 2362 ubi
1201 2303 1283 2361 vidit
1316 2293 1456 2378 Ulysses

279 2412 383 2472 filium
414 2415 502 2472 iubet
532 2414 724 2488 Eurycleam
748 2429 881 2487 vocare;
906 2415 960 2473 ille
984 2418 1094 2476 autem
1117 2416 1240 2476 foribus
1263 2419 1384 2491 apertis
1408 2420 1457 2479 sio

280 2527 499 2600 grandaevam
522 2528 682 2586 nutricem
707 2527 897 2601 alloquitur:

433 2641 521 2720 δεῦρο
547 2638 584 2717 δὴ
609 2638 689 2720 ὄρσο,
710 2648 787 2721 γρῆυ
811 2638 995 2721 παλαιμενὲς,
1017 2641 1089 2720 ἧκε
1112 2630 1264 2723 γυναικοῖν

433 2754 562 2840 δμῳάων
585 2755 695 2827 σκοπός
718 2753 780 2815 ἐσσι
803 2753 877 2815 κατὰ
901 2751 999 2836 μέγαρ’
1025 2753 1201 2837 ἡμετεράων·

432 2865 520 2946 ἔρχεο·
544 2866 692 2952 κικλῄσκει
716 2885 748 2928 σε
771 2867 866 2950 πατὴρ
890 2867 969 2949 ἐμὸς,
992 2867 1072 2948 ὄφρα
1094 2895 1122 2931 τι
1145 2871 1245 2955 islep.

322 2983 392 3059 Hic,
428 2985 601 3057 postquam
636 2985 674 3044 de
708 2985 900 3044 lectionibus
935 2981 1004 3064 ὄρσο
1036 2989 1069 3045 et
1099 2983 1184 3064 ὄρσεο
1208 2989 1347 3065 dixistis
1372 2988 1454 3048 haec

279 3099 414 3158 additis:
454 3099 566 3174 „nobis
600 3101 724 3174 tragica
758 3116 913 3160 versuum
950 3102 1013 3161 395
1045 3117 1092 3175 sq.
1117 3102 1298 3162 verbositas
1322 3104 1455 3177 gravius

279 3212 380 3270 etiam
415 3213 562 3287 displicet
593 3229 691 3286 quam
722 3216 865 3274 metrum
890 3215 1144 3276 duriusculum.”
1171 3217 1257 3291 Quae
1280 3217 1455 3276 verissima

279 3327 329 3384 est
363 3327 679 3400 prudentissimeque
714 3329 885 3404 sententia,
919 3329 982 3388 nisi
1013 3331 1096 3403 quod
1128 3331 1323 3390 rhetoricam
1347 3331 1455 3404 potius

280 3454 433 3512 pompam
468 3440 521 3499 hic
555 3442 732 3500 notandam
767 3457 882 3500 censeo
917 3458 1015 3514 quam
1049 3444 1218 3516 tragicam.
1253 3445 1375 3504 Rhetor
1403 3445 1456 3503 hic

282 3553 494 3613 Telemachus
518 3553 659 3628 fingitur.
685 3556 764 3630 Quid
786 3557 897 3615 enim?
917 3557 1088 3616 Peractum
1108 3559 1159 3616 est
1178 3558 1345 3634 proelium,
1367 3559 1456 3618 certa

281 3669 332 3726 est
366 3668 510 3741 victoria,
547 3685 632 3728 nunc
667 3669 720 3728 ille
752 3670 784 3729 in
816 3669 936 3743 apertis
968 3672 1060 3729 stans
1083 3670 1206 3730 foribus
1230 3672 1332 3730 altera
1354 3687 1455 3730 manu

281 3783 408 3854 patrem
442 3783 630 3841 monstrans
664 3783 821 3856 sanguine
853 3783 1019 3856 perfusum
1043 3799 1277 3857 procorumque
1302 3785 1456 3844 exanima

281 3911 421 3971 corpora,
448 3897 550 3956 altera
573 3898 733 3956 nutricem
757 3897 796 3955 ad
821 3913 855 3956 se
880 3913 1009 3973 vocene,
1035 3899 1245 3972 grandiloqua
1269 3899 1330 3958 hac
1352 3899 1456 3958 utitur

280 4010 433 4085 oratione,
470 4025 551 4083 quae
587 4011 701 4084 longae
732 4011 909 4070 narrationi
940 4012 1144 4085 splendidum
1168 4012 1315 4086 imponat
1337 4011 1454 4071 finem:

284 4139 408 4199 „surge
445 4125 629 4198 grandaeva
659 4123 780 4199 nutriX‚
813 4139 894 4196 quae
926 4125 959 4182 in
983 4126 1104 4184 nostris
1128 4125 1260 4185 aedibus
1284 4141 1455 4185 servarum

280 4253 315 4297 es
339 4239 506 4314 magistra,
529 4240 625 4312 atque
645 4238 708 4297 huc
727 4237 818 4296 veni:
840 4240 931 4311 pater
951 4240 983 4298 te
1003 4240 1130 4298 vocat”.
1152 4239 1324 4298 Rhetorica
1343 4242 1455 4300 autem

280 4353 343 4411 ista
367 4352 508 4428 σεμνότης
532 4353 621 4426 poesi
642 4353 732 4426 epica
751 4351 844 4426 longe
864 4354 1002 4412 arcenda
1022 4355 1081 4412 est.
1103 4353 1173 4411 Non
1194 4368 1322 4427 semper
1341 4354 1373 4412 id
1393 4354 1456 4413 viri

283 4467 367 4527 docti
390 4468 589 4542 reputarunt,
615 4466 716 4525 immo
740 4481 835 4539 saepe
859 4466 944 4526 ultro
964 4483 1037 4527 eam
1058 4467 1090 4526 in
1111 4466 1255 4526 carmina
1274 4467 1457 4527 introduxe-
