3270 5262
759 663 797 720 15

224 849 261 923 Β,
286 849 375 909 391;
422 842 458 907 δν
480 842 556 908 δέκ’
584 846 659 928 ἐγὼν
682 845 837 908 ἀπάνευθε
860 846 954 926 μάχης
978 843 1119 906 ἐθέλοντα
1142 845 1241 924 νοήσω

425 962 578 1039 μιμνάζειν
600 960 682 1040 παρὰ
705 958 796 1040 νηυσί
818 961 987 1039 κορωνίσιν,
1010 958 1046 1020 ού
1069 961 1121 1020 ἀοι
1144 958 1241 1020 έπειια

427 1073 531 1156 ἀρκιον
555 1074 687 1151 έσσεῐιαι,
710 1073 842 1155 φνγέμεν
863 1075 957 1146 κύνας
979 1068 1033 1152 ἠδ’
1059 1073 1194 1146 οἰωνούς.

223 1191 265 1266 Ε,
295 1191 373 1250 811.
404 1190 593 1250 Diomedem
624 1191 717 1264 quasi
747 1191 902 1264 ignavum
934 1190 1103 1263 increpans
1126 1190 1361 1264 Agamemnon,

178 1305 292 1377 qualis
318 1306 370 1364 vir
392 1307 483 1379 pater
507 1307 576 1366 eius
598 1305 696 1365 fuerit
719 1306 839 1364 narrat.
864 1304 947 1363 Tum
971 1304 1018 1362 sio
1041 1303 1162 1378 pergit:

370 1415 442 1477 ἀλλὰ
465 1412 501 1477 σε’
529 1415 548 1496 ή
571 1417 700 1494 κάματος
723 1416 849 1489 πολυάιξ
873 1421 942 1495 γυῖα
967 1415 1091 1477 δέδυκεν

371 1528 390 1610 d
414 1532 452 1593 νύ
477 1528 508 1592 σέ
531 1552 591 1592 που
616 1529 705 1603 δάέος
728 1529 800 1609 ίσχει
824 1527 958 1609 ἀκήριον·
983 1525 1020 1589 ού
1044 1529 1081 1590 σύ
1104 1523 1128 1609 γ’
1154 1528 1253 1589 ἔπειτα

373 1641 483 1716 Τυδέος
507 1643 627 1725 έκγονύς
652 1642 713 1704 έσσι
736 1644 899 1722 δαΐφρονος
924 1643 1072 1703 Οἰνεΐδαο.

219 1763 267 1836 K,
301 1761 375 1819 164.
406 1761 577 1820 Nestorem
607 1761 705 1819 noctu
734 1775 791 1833 per
821 1760 929 1818 eastra
959 1758 1182 1818 ambulantem
1206 1759 1243 1827 ut
1265 1759 1364 1818 duces

179 1890 196 1932 e
222 1889 347 1934 somno
372 1873 493 1933 excitet
515 1873 562 1932 sio
585 1872 790 1947 reprehendit
812 1871 1001 1931 Diomedes:
1243 1853 1244 1860 λ

372 1984 498 2066 σχέτλιός
522 1985 592 2062 έσσι,
615 1983 720 2066 γεραιέ·
745 1984 781 2046 σὺ
805 1981 858 2063 μὲν
882 1984 978 2045 πόνου
1002 1981 1038 2045 ού
1061 2006 1131 2044 ποτε
1155 1984 1261 2064 λήγεις.

373 2097 409 2160 ού
432 2123 470 2160 νυ
494 2097 544 2159 καί
567 2097 649 2159 ἀλλοι
673 2097 737 2158 έασι
759 2097 895 2178 νεώτεροι
918 2091 980 2170 υἷες
1005 2103 1136 2178 Ἀχαιῶν,

372 2213 406 2272 οί
423 2235 474 2273 κεν
497 2211 595 2272 έπειια
617 2210 763 2273 ίέκασιον
788 2210 929 2292 ἐγείρειαν
952 2212 1120 2291 βασιλήων;

230 2333 282 2405 Μ,
321 2329 396 2387 231.
439 2328 683 2401 Polydamantis
726 2328 897 2387 eonsilium
931 2343 1065 2402 gravem
1100 2328 1249 2388 Heeioris
1285 2330 1367 2390 iram

180 2443 356 2518 provocat.
381 2441 493 2514 ltaque
517 2440 565 2500 sie
588 2457 664 2500 eum
688 2441 879 2514 alloquitur:

375 2553 591 2632 Πουλυδάμαν,
614 2552 650 2614 σὺ
675 2548 728 2630 μὲν
753 2548 844 2614 οὐκέτ’
872 2551 936 2631 ἐμοὶ
959 2554 1031 2630 φίλα
1055 2549 1133 2614 ταῦτ’
1159 2552 1319 2635 ἀγορεύεις·

373 2669 488 2726 focaea
511 2664 561 2726 καὶ
585 2664 674 2727 ἀλλον
698 2671 804 2744 μῦθον
827 2665 969 2744 ἀμείνονα
991 2669 1078 2728 τοῦδε
1102 2678 1217 2746 νοῆσαι.

375 2779 402 2839 εἰ
424 2775 451 2840 δ’
479 2778 558 2840 ἐτεὸν
583 2779 620 2858 δή
643 2789 749 2840 τοῦτον
774 2777 833 2841 ἀπὸ
856 2782 990 2859 σπουδῆς
1010 2779 1171 2862 ἀγορεύεις,

376 2891 405 2966 ἐξ
428 2890 485 2973 ἀρα
510 2893 547 2970 δή
570 2916 615 2954 τοι
638 2892 736 2953 ἔπειτα
759 2891 827 2954 θεολ
846 2891 958 2972 φρένας
982 2893 1094 2954 ὤλεσαν
1117 2895 1210 2957 αύιοί.

236 3125 303 3184 269
329 3139 397 3196 sqq.
422 3122 467 3182 De
499 3122 759 3197 Clytaemnestra
789 3124 828 3183 ab
859 3124 1016 3198 Aegistho
1041 3128 1190 3200 corrupta
1213 3126 1260 3186 sio
1284 3126 1370 3185 Tele·

187 3238 312 3298 macho
335 3209 452 3296 Nestor
474 3239 600 3296 narrat:
628 3238 790 3312 „primum
814 3237 870 3297 illa
894 3238 1043 3311 Aegisthi
1067 3239 1232 3298 blanditiis
1256 3255 1368 3299 aurem

187 3352 348 3428 praebere
381 3351 527 3410 nolebat:
563 3351 634 3425 ipsa
668 3352 755 3411 enim
789 3351 873 3411 bona
907 3354 976 3412 erat
1010 3353 1115 3412 indole
1150 3354 1303 3428 praedita,
1340 3356 1372 3413 et

190 3466 308 3527 aderat
350 3465 379 3523 ei
421 3466 533 3523 cantor
574 3463 714 3539 quidam,
751 3465 802 3523 oui
836 3464 964 3523 Troiam
1000 3463 1205 3538 proficiscens
1235 3482 1371 3527 uxorem

190 3579 407 3639 commiserat
429 3579 665 3652 Agamemnon.
692 3579 858 3651 Sequitur:

266 3693 331 3752 269
378 3686 435 3750 ἀλλ’
463 3689 508 3750 ὅτε
532 3690 570 3768 δή
595 3714 645 3768 μιν
669 3695 756 3770 μοῖρα
779 3696 861 3750 θεῶν
884 3688 1007 3769 ἐπέδησε
1032 3692 1173 3770 δαμῆναι,

379 3804 416 3884 δή
439 3805 502 3866 τότε
525 3804 576 3866 ιδν
599 3801 653 3883 μὲν
676 3803 780 3866 ἀοιδὸν
804 3803 885 3886 ἀγων
909 3804 938 3878 ές
960 3814 1054 3884 νήσον
1078 3805 1190 3886 έρήμην

376 3921 515 3981 κάλλιπεν
540 3920 671 3981 οἰωνοῖσι
694 3919 791 4000 δέλεαρ
815 3919 865 3981 καὶ
888 3922 987 4002 κύρμα
1011 3920 1160 4003 γενέσθαι·

242 4035 415 4095 Dubitatur
446 4035 518 4108 quis
549 4035 593 4094 sit
623 4036 677 4095 ille
701 4051 798 4108 quem
822 4040 911 4114 μοῖρα
935 4041 1016 4095 θεῶν
1041 4034 1163 4114 ἐπέδησε
1188 4037 1317 4114 δαμῆναι
1341 4041 1374 4098 ei

197 4166 261 4224 quo
293 4164 391 4208 sensu
414 4149 493 4208 illud
516 4149 568 4208 hie
591 4149 725 4208 dicatur.
753 4148 920 4223 Duplioem
944 4167 1003 4209 vos
1027 4151 1186 4211 rationem
1212 4168 1372 4211 commen-

198 4263 294 4338 datis
326 4265 363 4322 ut
394 4265 450 4322 aut
480 4285 531 4338 μιν
558 4264 598 4322 ad
621 4263 816 4336 Aegisthum
840 4265 883 4323 sit
906 4265 1110 4323 referendum
1134 4265 1225 4337 isque
1249 4264 1373 4338 Clytae-

198 4378 381 4435 mnestram
414 4377 556 4437 ducendo
589 4378 711 4435 aeriam
739 4376 800 4435 sibi
823 4394 936 4451 parare
960 4377 1135 4451 perniciem
1159 4378 1293 4453 dicatur,
1319 4381 1376 4439 aut

200 4491 240 4549 ad
265 4490 369 4563 ipsam
394 4491 697 4566 Clytaemnestram,
731 4508 812 4564 quae
836 4493 902 4551 fato
927 4493 1038 4551 coacta
1061 4491 1199 4550 amatori
1223 4493 1373 4552 cesserit:
