3310 5262
775 653 835 712 101

264 840 325 898 153
357 855 403 913 sq.
436 840 545 913 Neque
576 839 721 913 intelligo
749 855 811 913 quo
835 855 933 899 sensu
956 840 1008 899 hic
1033 842 1064 899 et
1091 841 1153 900 170
1177 855 1224 913 sq.
1250 840 1288 899 de
1312 855 1386 898 arcu

216 951 341 1012 dicatur
368 954 506 1029 ἀριστῆας
530 953 684 1026 saturique
712 962 810 1027 θυμοῦ
836 952 883 1010 καὶ
907 961 1014 1029 ψυχῆς·
1038 953 1089 1012 An
1112 953 1173 1012 1100
1199 968 1311 1027 „reges
1335 953 1389 1012 ille

214 1065 337 1125 frustra
359 1066 592 1140 defetigabit”?
616 1067 660 1126 At
684 1067 843 1140 quomodo
867 1067 954 1127 istud
978 1067 1050 1126 inde
1075 1067 1266 1126 eliciamus?

264 1290 325 1349 186
349 1305 397 1363 sq.
422 1288 621 1350 Calefaciunt
644 1306 756 1350 arcum
780 1293 812 1350 et
835 1289 1010 1364 perfricant
1033 1290 1124 1363 adipe
1147 1290 1244 1364 proci,
1269 1290 1326 1348 sed
1349 1305 1389 1348 ne

216 1403 264 1462 sic
288 1404 417 1477 quidem
440 1404 571 1463 tendere
596 1420 671 1463 eum
694 1407 847 1477 possunt:

397 1517 542 1588 Ἀντίνοος
567 1512 594 1576 d’
621 1511 658 1576 ἔτ’
687 1515 779 1594 ἐπεῖχε
803 1514 852 1575 καὶ
876 1514 1056 1594 Εὐρύμαχος
1080 1516 1250 1594 &sesculpa

396 1627 479 1710 ἀρχοὶ
502 1629 686 1708 μνηστήρων·
710 1627 797 1714 ἀρετῇ
822 1626 849 1688 ‹l‘
877 1629 947 1688 ε”σαν
972 1625 1047 1707 ἔξοχ’
1074 1627 1195 1703 ἄριστοι.

263 1745 453 1805 Annotatis:
481 1739 528 1820 „d'
556 1738 595 1802 e’
617 1739 671 1820 U²‚
694 1743 724 1803 δέ
744 1766 773 1803 τε
793 1745 881 1804 codd.
903 1745 1045 1818 plerique
1066 1746 1102 1802 ut
1122 1743 1174 1802 hic
1194 1745 1237 1803 sit
1257 1758 1391 1803 sensus:

218 1861 260 1918 at
294 1859 512 1919 retinebat
547 1874 616 1918 eos
653 1859 874 1918 Antinous,
912 1858 972 1917 Sed
1007 1859 1102 1931 poete
1137 1857 1241 1916 dicere
1272 1857 1392 1916 voluit:

219 1972 429 2032 Antinous
463 1988 559 2032 vero
591 1975 631 2032 et
661 1972 951 2046 Eurymachus
982 1972 1161 2031 nondum
1185 1972 1326 2030 victos
1350 1987 1392 2030 se

217 2086 468 2173 fatebantur
491 2087 672 2156 (hielden
696 2101 774 2159 nog
796 2086 907 2154 vol).''
932 2086 976 2144 At
996 2083 1107 2162 ἐπέχειν
1131 2100 1195 2144 non
1220 2100 1291 2143 esse
1311 2100 1390 2158 per·

218 2214 418 2258 severare
452 2200 504 2258 vel
538 2201 635 2259 notus
669 2199 723 2258 ille
756 2199 969 2273 imperativus
1006 2195 1116 2275 ἐπίσχες
1155 2198 1255 2257 docet.
1290 2197 1393 2272 Quare

218 2311 393 2371 videndum
428 2328 469 2371 an
504 2328 568 2372 non
602 2313 710 2387 potius
744 2315 824 2373 haec
859 2314 903 2372 sit
933 2313 1113 2372 sententia:
1150 2312 1330 2387 „Antinous
1362 2313 1395 2371 et

219 2425 442 2498 Eurymachus
465 2427 641 2486 manebant
662 2428 771 2502 etiam,
793 2443 812 2487 a
832 2443 867 2486 se
887 2428 1060 2501 impetrare
1081 2426 1223 2485 nondum
1244 2427 1393 2499 poterant

219 2540 255 2597 ut
285 2539 323 2598 de
355 2541 472 2598 conatu
503 2540 705 2600 desisterent.
739 2539 844 2601 Ceteri
874 2557 950 2600 vero
978 2541 1044 2599 iam
1068 2539 1304 2613 desponderant
1329 2539 1393 2598 ani·

220 2668 320 2728 mum,
345 2655 477 2726 totoque
501 2653 622 2713 omisso
647 2655 824 2714 certamine
848 2655 1069 2714 assederant.'’

264 2878 325 2965 217
347 2894 394 2951 sq.
414 2878 557 2937 Eumaeo
574 2880 671 2950 atque
683 2878 819 2937 bubulco
833 2879 961 2952 egregia
973 2878 1136 2952 promittit
1148 2878 1232 2937 dona
1244 2877 1391 2952 ulysses,

219 2991 247 3049 si
270 2991 331 3050 sibi
354 2992 387 3050 in
411 2991 530 3065 proelio
555 3007 628 3050 curn
652 2991 757 3064 procis
780 2989 908 3050 fidelem
932 2992 1124 3050 navaverint
1148 3006 1289 3065 operam.
1311 2991 1394 3050 Tum

219 3105 265 3164 sic
288 3106 408 3179 pergit:

396 3218 423 3277 εἰ
445 3213 474 3278 δ’
501 3216 552 3299 ἄγε
577 3217 614 3296 δὴ
637 3215 687 3277 καὶ
710 3224 790 3294 σῆμα
814 3214 976 3295 ἀριφραδὲς
999 3215 1069 3277 dito
1093 3240 1120 3276 τι
1144 3217 1239 3289 δείξω,

398 3330 477 3408 ὄφρα
502 3329 530 3410 μ’
559 3331 592 3392 ἕὺ
616 3342 728 3410 γνῶτον
752 3332 942 3407 πιστωθῆτόν
965 3327 990 3391 τ’
1018 3330 1062 3390 ἐνὶ
1085 3337 1185 3414 θυμῷ.

264 3447 325 3506 Η11
347 3461 404 3520 pro
429 3446 454 3504 εἰ
477 3445 508 3505 δέ
531 3447 639 3521 legitis
664 3439 718 3504 εἴτ
740 3449 836 3522 11111,
859 3448 895 3505 11
915 3445 1035 3520 opinor.
1058 3448 1165 3520 Atque
1186 3461 1286 3520 aeque
1305 3446 1396 3505 illam

220 3560 392 3620 lectionem
422 3560 520 3634 probo
552 3561 569 3618 δ
598 3563 661 3621 832
686 3559 741 3619 ubi
764 3561 922 3634 Penelope
946 3560 1123 3634 imaginem
1148 3559 1268 3619 sororis
1292 3559 1397 3618 sibia

221 3675 363 3734 Minerva
385 3691 442 3748 per
465 3690 618 3735 somnum
641 3674 780 3734 missam
804 3673 851 3732 sic
875 3673 995 3746 alloqui
1019 3673 1149 3747 incipit:

419 3787 446 3846 εἰ
467 3784 520 3865 μὲν
545 3785 582 3864 δὴ
606 3786 677 3858 θεός
701 3785 762 3845 ἐσσι
787 3786 871 3846 θεοῖό
895 3808 925 3845 τε
949 3785 1048 3859 ἔκλυες
1072 3785 1182 3863 αὐδὴν,

419 3894 454 3960 εἷ’
481 3898 533 3981 ἄγε
557 3923 607 3977 μοι
630 3898 680 3960 καὶ
703 3904 803 3961 κεῖνον
827 3897 945 3976 ὀιζυρὸν
970 3901 1138 3973 κατάλεξον.

264 4016 364 4077 Plane
391 4016 434 4074 ibi
466 4016 641 4076 absurdum
665 4016 748 4074 foret
772 4009 860 4072 1δῖ
885 4015 975 4074 Idem
999 4015 1061 4074 dici
1084 4017 1192 4089 potest
1216 4014 1255 4074 de
1279 4037 1294 4090 χ
1320 4015 1395 4072 391.

220 4130 281 4189 His
305 4130 412 4189 verbis
436 4129 540 4189 fllium
563 4130 704 4204 appellat
726 4128 880 4202 Ulysses:

379 4239 531 4322 Τηλέμαχ’,
553 4237 588 4303 εἶ’
615 4241 666 4322 ἄγε
689 4263 739 4318 μοι
763 4243 886 4300 κάλεσον
909 4240 1022 4320 τροφὸν
1049 4239 1258 4316 Εὐρννλέειαν.

267 4356 421 4431 Quamvis
446 4357 532 4417 enim
556 4357 651 4417 multi
676 4324 802 4415 codices
826 4355 878 4415 hic
902 4355 928 4414 εἰ
951 4351 977 4413 d'
1004 4357 1152 4431 habeant,
1174 4357 1285 4414 tamen
1304 4353 1397 4411 unice

222 4485 336 4530 verum
368 4473 418 4530 est
450 4463 485 4529 εἶ’
519 4471 603 4544 quod
634 4472 667 4529 in
698 4469 786 4528 nullo
817 4469 880 4544 legi
912 4470 1048 4529 videtur.
1078 4467 1139 4526 Sed
1163 4482 1226 4526 non
1250 4466 1396 4524 omnium
