3270 5262
678 1581 939 1692 uiuus
987 1581 1047 1690 y.
1118 1530 1122 1534 ’

765 1859 958 1866 --——-·-

328 2040 389 2099 135
421 2055 469 2112 sq.
503 2038 637 2113 Cognito
668 2039 802 2099 deorum
825 2041 863 2099 de
886 2040 1017 2114 Ulyssis
1041 2041 1146 2099 reditu
1169 2042 1296 2102 decreto
1319 2039 1456 2115 Calypso

281 2153 372 2227 gravi
395 2152 503 2213 dolore
527 2154 616 2212 tacta
640 2154 673 2212 et
695 2153 759 2236 alia
782 2153 982 2213 lamentatur
1005 2156 1038 2212 et
1061 2154 1157 2213 haec:

413 2263 464 2324 τὸν
487 2259 541 2341 μὲν
565 2261 621 2344 ἐγὼ
642 2259 757 2341 ’φίλεόν
780 2286 809 2324 τε
832 2262 882 2323 καὶ
906 2264 1038 2343 ἔτρεφον,
1060 2263 1114 2344 ἠδέ
1135 2261 1171 2324 i’
1199 2264 1331 2343 ἔφασκον

412 2371 557 2454 θησέμεν’
584 2373 738 2438 ἀθάνατον
761 2375 811 2436 καὶ
834 2375 967 2457 ἀγήραον
990 2375 1089 2455 ἤματα
1111 2378 1216 2438 πάντα.

327 2493 379 2552 Sic
406 2492 553 2551 edidistis
579 2490 618 2550 ad
643 2491 852 2567 implendum,
880 2493 934 2565 qui
958 2492 1036 2551 olim
1060 2493 1145 2553 inter
1167 2494 1324 2553 vocabula
1348 2490 1402 2571 ἠδέ
1425 2497 1460 2554 et

281 2603 413 2681 ἔφασκον
443 2605 514 2680 fuit,
538 2605 675 2664 hiatum.
701 2604 831 2680 Verum,
857 2606 885 2664 si
909 2606 984 2678 quid
1008 2606 1110 2682 video,
1135 2623 1200 2666 non
1222 2608 1285 2666 fert
1308 2609 1459 2681 syntaxis

282 2720 404 2780 Graeca
427 2719 587 2778 eiusmodi
612 2717 730 2778 obiecti
752 2719 995 2791 repetitionem:
1016 2716 1067 2778 τὸν
1081 2764 1087 2777 .
1100 2764 1126 2777 ..
1145 2717 1190 2778 Η.
1211 2721 1370 2780 Graecum
1390 2723 1458 2780 est:

281 2841 387 2894 τοῦτον
407 2829 530 2908 ἐφίλουν
550 2829 606 2910 ἐγὼ
626 2829 675 2890 καὶ
695 2827 849 2892 ἀθάνατον
869 2831 1004 2908 ποιήσειν
1023 2830 1152 2910 ἔμελλον,
1170 2834 1354 2906 insertoque
1367 2831 1460 2892 αὐτόν

283 2947 498 3020 corrumpitur
535 2948 708 3006 structura.
745 2945 943 3020 Quapropter
973 2945 1148 3005 videndum
1179 2961 1286 3005 annon
1315 2948 1460 3021 praestet

282 3062 377 3121 lectio
408 3054 459 3137 ἠδ’
494 3054 535 3118 ἔτ’
571 3057 711 3136 ἔφασκον.
742 3059 849 3120 Habet
873 3060 960 3119 enim
984 3059 1063 3119 illud
1086 3057 1126 3117 ἔτι
1149 3059 1269 3132 aliquid
1293 3061 1368 3120 huio
1390 3061 1461 3120 looo

284 3175 501 3249 aptissimum,
534 3173 695 3247 siquidem
721 3173 941 3233 immortalem
965 3173 1032 3232 fore
1055 3173 1210 3246 Ulyssem
1234 3174 1267 3232 in
1290 3173 1376 3233 votis
1399 3173 1462 3235 fuit

284 3289 463 3363 nymphae:
496 3287 744 3347 immortalitate
776 3302 851 3346 eum
876 3285 995 3346 donare
1019 3301 1083 3346 non
1107 3286 1213 3360 potest
1238 3285 1374 3360 Calypso
1398 3287 1463 3346 nisi

284 3402 458 3475 impetrata
489 3401 576 3460 iovis
606 3400 711 3476 venia,
745 3400 799 3473 qui
830 3414 895 3459 non
926 3400 996 3458 tam
1027 3398 1121 3458 facile
1153 3399 1311 3458 eiusmodi
1342 3399 1463 3472 aliquid

286 3515 459 3574 consedere
482 3513 574 3574 solet.
