3270 5262
865 619 907 686 34

297 818 367 880 erat
389 815 491 893 υἱάσι),
516 829 620 889 neque
643 814 760 889 populo
784 812 923 887 filiisque
943 817 1209 877 commemoratis
1228 816 1296 891 ipse
1316 815 1473 878 Alcinous

296 933 425 993 silentio
444 930 612 1006 praeteriri
632 929 748 1002 potest,
771 943 845 986 cum
869 929 1062 1001 praesertim
1085 931 1257 1004 praecedat
1276 929 1472 1002 Ἀλκίνοος...

296 1071 346 1124 μιν
377 1045 457 1106 ἔτισε.
490 1046 559 1105 Ηοο
590 1046 702 1103 tamen
733 1044 865 1117 gravius
897 1044 980 1116 quod
1012 1059 1115 1118 neque
1149 1047 1289 1119 perfecto
1324 1045 1472 1122 arriperet

295 1176 398 1235 neque
429 1158 548 1219 aoristo
580 1155 653 1215 ἕιισε
684 1156 821 1216 affectus
845 1156 976 1230 quidam
1001 1159 1111 1216 mariti
1135 1161 1379 1234 ceterorumque
1404 1178 1471 1223 om·

295 1277 387 1335 nium
410 1288 486 1347 erga
508 1271 629 1330 Areten
653 1269 863 1345 significatur,
889 1271 946 1328 sed
965 1286 1017 1329 res
1038 1273 1197 1345 quaedam
1218 1275 1304 1334 certo
1324 1277 1472 1350 tempore

293 1390 398 1449 factae
429 1386 587 1459 dicuntur,
621 1399 758 1457 quarum
783 1383 926 1442 fructum
949 1399 1034 1444 nunc
1058 1385 1158 1444 etiam
1181 1387 1280 1456 Arete
1303 1389 1470 1463 percipiat.

295 1504 339 1562 Εο
370 1516 445 1576 ergo
476 1499 555 1575 loce,
589 1497 642 1556 ubi
673 1512 758 1557 nunc
789 1493 818 1554 ιε’
841 1518 890 1554 ιιαι
914 1493 973 1554 ἔστι
997 1497 1123 1573 legitur,
1150 1500 1298 1572 equidem
1327 1502 1471 1576 aliquem

294 1616 420 1689 requiro
444 1612 624 1672 ablativum
648 1610 932 1671 instrumentalem
960 1611 1144 1673 honores
1168 1613 1366 1675 indicantem
1392 1616 1471 1675 olim

294 1730 327 1789 in
350 1729 496 1803 reginam
522 1726 665 1786 collatos
690 1725 810 1798 Ecquid
837 1723 996 1802 yrpdecct?
1018 1725 1174 1786 Dixeritis
1197 1701 1360 1802 nusquam
1386 1731 1471 1804 apud

294 1846 474 1904 Homerum
498 1842 591 1901 illum
615 1841 746 1899 exstare
770 1838 927 1915 dativum,
953 1840 1010 1900 sed
1034 1841 1165 1900 omnino
1190 1858 1282 1902 rarus
1303 1845 1354 1903 est
1372 1843 1471 1903 huius

294 1956 491 2018 substantivi
515 1955 548 2013 in
571 1952 687 2028 plurali
712 1967 799 2012 usus.
824 1952 908 2012 Nam
935 1953 964 2012 si
988 1955 1061 2027 quis
1084 1955 1166 2013 mihi
1189 1957 1288 2016 verba
1310 1953 1376 2036 περὶ
1400 1966 1470 2035 κῆρι

268 2095 270 2098 ·
295 2073 434 2147 opponat
464 2068 558 2129 facile
589 2067 667 2126 illud
699 2066 903 2125 obstaculum
933 2083 1130 2127 removeam.
1161 2069 1235 2128 Sive
1259 2071 1346 2131 enim
1370 2072 1470 2132 verbo

293 2185 439 2262 ιιιίμηιαι
475 2181 633 2243 eiusmodi
665 2179 835 2254 ablativus,
868 2182 998 2252 qualem
1032 2196 1090 2254 ego
1122 2184 1204 2258 volo,
1237 2184 1364 2244 additur
1400 2185 1470 2244 sive

294 2316 358 2360 non
391 2297 527 2371 additur,
564 2296 676 2353 tamen
700 2309 775 2352 cum
798 2293 900 2352 semel
923 2295 956 2352 in
979 2294 1120 2367 perfecto
1144 2297 1287 2369 positum
1311 2297 1391 2358 illud
1416 2301 1469 2375 sit,

294 2413 482 2472 adiunctum
514 2407 575 2467 sibi
598 2407 716 2465 habere
739 2402 806 2483 περὶ
829 2413 897 2482 κῆρι
919 2422 983 2465 non
1006 2410 1114 2481 potest
1137 2411 1214 2481 quin
1238 2426 1315 2470 vera
1338 2412 1469 2472 illorum

294 2524 525 2584 vocabulorum
549 2521 600 2579 vis
620 2519 825 2592 aliquomodo
846 2519 1044 2593 negligatur:
1069 2520 1246 2581 affectuum
1267 2524 1354 2584 enim
1375 2527 1469 2585 sedes

293 2636 324 2697 ιὸ
354 2635 432 2715 ιιὲαρ.
456 2636 578 2695 Verum
608 2633 766 2693 formulae
798 2634 902 2692 instar
932 2633 1019 2692 istud
1042 2631 1109 2712 περὶ
1132 2643 1200 2712 κῆρι
1224 2637 1360 2714 videtur,
1387 2655 1469 2712 quae

292 2753 406 2826 sponte
437 2751 477 2810 ad
507 2748 606 2808 verba
638 2747 731 2821 quale
763 2748 814 2806 est
844 2754 931 2823 τιμᾶν
962 2748 1094 2807 accedat
1123 2749 1223 2808 etiarn
1252 2765 1326 2809 cum
1354 2752 1469 2812 abesse

292 2881 365 2926 eam
396 2863 560 2924 malimus.
585 2846 706 2920 Deinde
729 2875 777 2919 vs.
803 2860 844 2919 74
870 2860 1080 2934 particulare
1103 2862 1316 2923 vixferenda
1340 2865 1469 2925 videtur

291 2995 411 3056 proque
441 2993 480 3037 ea
502 2974 722 3050 reponendum
746 2970 794 3032 di:
823 2989 906 3049 ,non
929 2974 1021 3033 deest
1048 2975 1178 3048 reginae
1200 2977 1369 3054 sapientia,
1395 2979 1467 3038 sed

292 3089 385 3164 μὲν..
410 3090 451 3163 δι’)
484 3105 580 3164 saepe
603 3090 732 3163 propter
759 3088 964 3161 prudentiam
989 3089 1089 3147 etiam
1113 3088 1152 3148 ad
1176 3090 1320 3149 virorum
1344 3094 1466 3153 contro-

291 3207 416 3268 versias
440 3204 637 3264 dirimendas
661 3203 827 3261 vocatur.”

337 3437 399 3495 146
423 3450 491 3508 sqq.
518 3431 714 3506 Complexus
737 3430 867 3504 reginae
890 3446 996 3504 genua
1019 3431 1066 3490 sic
1090 3447 1163 3492 eam
1188 3432 1308 3505 alloqui
1327 3415 1465 3507 Ulysses

290 3550 419 3624 incipit:

468 3660 580 3742 Ἀρήνη,
603 3659 732 3740 θύγατερ
751 3653 927 3738 Ῥηξήνορος
950 3656 1113 3736 ἀντιθέοιο,

467 3774 520 3835 σόν
543 3797 573 3834 τε
597 3774 685 3835 πόσιν
709 3773 747 3833 σά
770 3795 799 3833 τε
823 3768 955 3854 γούναθ’
983 3772 1075 3833 ἱκάνω
1098 3770 1192 3834 πολλὰ
1215 3772 1358 3854 μογήσας,

465 3888 570 3949 τούσδε
594 3910 623 3948 τε
647 3887 837 3965 δαιτύμονας,
860 3891 953 3947 τοῖσιν
976 3884 1043 3946 θεοὶ
1067 3883 1152 3966 ὄλβια
1178 3886 1257 3946 δοῖεν

467 4001 617 4079 ζωέμεναι,
639 3999 689 4061 οιαὶ
712 3998 815 4061 παισὶν
839 3997 1002 4079 ἐπιτρέψειε
1025 3997 1168 4071 liscowe

467 4109 582 4193 κτήματ’
610 4113 653 4174 ἐνὶ
678 4114 830 4194 μεγάροισι
853 4112 939 4194 γέρας
962 4109 1005 4192 θ’,
1029 4112 1045 4173 ὅ
1068 4136 1094 4172 τι
1118 4113 1211 4191 δῆμος
1235 4113 1333 4174 ἔδωκε.

333 4230 526 4304 Corruptum
557 4231 635 4305 puto
667 4226 816 4305 ζωέμεναι,
839 4231 914 4302 quia
937 4229 991 4288 ille
1015 4230 1147 4288 demum
1171 4230 1257 4288 recte
1282 4228 1460 4289 infinitivus

286 4344 491 4404 substantivo
519 4345 613 4418 quale
641 4345 691 4403 est
719 4340 803 4421 ὄλβια
833 4344 986 4403 adhaeret
1006 4343 1060 4416 qui
1081 4358 1154 4401 cum
1174 4343 1410 4417 praepositione
1431 4339 1461 4400 ἐν

286 4459 485 4533 compositus
506 4460 564 4533 est,
586 4461 623 4516 ut
644 4459 703 4516 hoc
725 4458 865 4516 dicatur:
890 4473 1003 4532 ,spero
1023 4457 1091 4514 fore
1107 4456 1244 4515 uthisce
1257 4458 1403 4516 convivis
1416 4456 1458 4514 dii
