3270 5262
172 792 362 850 evertendis
404 792 578 850 admodum
613 791 714 849 fuisse
749 790 937 865 diligentem
973 793 1075 866 credo,
1112 794 1145 850 et
1179 791 1208 850 si
1242 793 1352 849 tamen

171 905 340 963 interdum
360 905 438 963 illud
458 905 535 964 fecit
554 919 619 964 uon
637 902 753 964 fimum
773 920 844 978 per
861 905 1017 979 angulum
1034 905 1243 978 dispersit
1260 900 1354 976 (quod

170 1017 374 1094 absurdum),
406 1019 463 1077 sed
494 1019 527 1077 in
551 1018 706 1092 angulum
731 1018 868 1079 coniecit
891 1021 988 1093 atque
1011 1020 1055 1079 ibi
1079 1021 1126 1079 sic
1150 1017 1354 1078 coacervavit

169 1133 207 1189 ut
231 1147 336 1204 quarn
355 1131 530 1192 minimum
550 1131 658 1192 locum
678 1135 857 1207 occuparet.
880 1135 951 1210 Sed,
972 1136 1009 1193 ut
1028 1135 1148 1208 opinor,
1162 1132 1352 1206 plerumque

169 1259 228 1318 per
266 1247 375 1304 totum
406 1248 537 1306 antrum
568 1246 722 1307 disiectus
757 1246 882 1307 iacebat
913 1248 976 1324 ille,
1009 1263 1112 1322 neque
1142 1246 1249 1306 solum
1279 1239 1351 1302 κατὰ

170 1341 264 1428 σπέος
299 1360 355 1419 sed
386 1361 487 1420 etiarn
518 1357 567 1419 διὰ
598 1357 717 1431 eutrop:
750 1361 789 1420 ab
821 1361 890 1435 ipso
922 1362 1008 1422 antri
1030 1361 1165 1421 introitu
1189 1375 1290 1432 usque
1314 1358 1353 1416 ad

169 1473 345 1532 extremos
376 1475 445 1533 eius
476 1489 633 1534 recessus.
658 1474 779 1534 Deinde
803 1476 880 1548 quin
903 1475 1013 1555 μεγάλα
1037 1475 1115 1535 olim
1138 1475 1235 1534 fuerit
1258 1475 1353 1533 inter·

168 1589 419 1660 pretamentum
453 1590 584 1650 rarioris
617 1590 766 1650 vocabuli
801 1587 893 1667 ἤλιθα
925 1606 989 1651 non
1020 1591 1139 1665 dubito,
1172 1592 1209 1650 ut
1239 1605 1353 1651 versus

169 1693 261 1762 hunc
282 1702 432 1762 habuerit
447 1701 546 1764 finem
562 1704 683 1778 optime
695 1705 900 1765 modulatum
912 1706 1088 1778 audituque
1100 1704 1352 1764 suavissimum:

167 1810 275 1895 ’κέχυτ’
304 1813 397 1894 ἤλιθα
419 1818 521 1896 πολλῆ.
546 1819 714 1880 Habemus
738 1835 830 1894 ergo:

380 1930 399 2009 ἤ
422 1931 459 2012 ῥα
484 1929 658 2004 dudeciaco
789 1927 891 2012 ’κέχυτ’
919 1930 1011 2010 ἤλιθα
1034 1931 1136 2010 1111λῆ.

217 2046 305 2120 Quid
329 2048 439 2107 autem
458 2047 527 2107 loco
546 2062 649 2107 vacuo
669 2047 826 2122 scriptum
845 2047 931 2107 fuit?
951 2047 1031 2122 Quid
1045 2048 1145 2107 etiam
1157 2039 1353 2121 re‘quiritur‘?

169 2162 302 2236 Nempe
338 2177 473 2234 quorum
508 2143 700 2221 animalium
731 2160 809 2221 illud
840 2162 936 2220 fuerit
968 2164 1103 2221 stercus,
1135 2160 1205 2220 Hoc
1229 2161 1262 2220 in
1284 2162 1354 2220 tam

170 2278 332 2336 accurata
351 2277 435 2335 antri
455 2275 668 2349 descriptione
688 2276 745 2334 vix
764 2275 869 2350 potuit
890 2277 1008 2335 omitti.
1029 2274 1230 2336 Vocabulum
1243 2275 1353 2334 autem

169 2393 287 2466 ipsum
310 2391 402 2449 nobis
427 2391 612 2465 suppeditat
633 2390 730 2450 huius
752 2389 826 2449 libri
848 2405 897 2449 vs,
923 2391 1005 2450 438:

359 2501 408 2561 καὶ
431 2497 483 2563 τότ’
511 2499 607 2562 ἔπειτα
631 2496 755 2580 νομόνδ’
781 2499 915 2575 ἐξέσσυτο
940 2499 1049 2580 ἄρσενα
1073 2505 1159 2580 μῆλα.

217 2618 374 2692 Legerim
398 2632 472 2692 ergo

381 2729 399 2807 ἤ
423 2729 460 2808 ῥα
485 2728 535 2790 διὰ
558 2727 661 2801 enitor
685 2730 787 2807 μῆλων
807 2724 909 2807 ’κέχυτ’
936 2727 1029 2808 ἤλιθα
1053 2728 1147 2804 moliri

217 2850 258 2907 ut
282 2847 436 2904 nascatur
459 2846 689 2906 vocabulorum
713 2847 789 2906 ordo
810 2845 932 2904 mirum
952 2846 986 2904 in
1005 2846 1140 2905 modum
1161 2845 1209 2904 1111
1229 2845 1356 2920 similis,

171 2977 276 3034 quem
300 2959 458 3019 habemus
481 2981 507 3036 ρ,
534 2961 595 3019 297
621 2975 668 3034 sq.

382 3069 413 3130 ἐν
436 3076 529 3156 molid
553 3072 663 3157 κόπρῳ,
685 3071 705 3150 ἤ
726 3073 778 3132 foi
801 3071 990 3160 προπάροιθε
1013 3072 1140 3148 θυράων

382 3180 515 3263 ἡμιόνων
537 3208 566 3246 τε
589 3188 670 3265 βοῶν
693 3209 722 3247 τε
744 3187 832 3259 folior
852 3181 966 3266 ’κέχ11’.
