3270 5262
783 623 823 681 71

216 805 362 863 vestram
392 804 493 882 πρῶτά
522 825 573 863 κεν
604 803 697 865 αὐτοῦ
728 805 846 886 πατρός.
876 807 982 867 Nimis
1010 808 1097 867 enim
1119 807 1227 882 inepte
1251 809 1314 868 isto
1338 815 1390 866 τοῦ

214 915 324 994 πατρός
347 916 487 978 violatur
509 934 616 979 senno
640 920 758 993 epicus.

265 1141 324 1201 181
345 1158 392 1216 sq.
413 1143 559 1202 Profecto
579 1143 721 1203 Eumaeo
741 1143 885 1203 Minerva
904 1144 1025 1221 Ulyssi,
1047 1145 1101 1218 qui
1117 1146 1275 1204 hactenus
1287 1160 1389 1205 senex

214 1255 396 1329 decrepitus
428 1257 518 1315 visus
542 1258 620 1332 erat,
646 1272 760 1330 corpus
784 1258 840 1317 dat
862 1258 1003 1317 iuvenile
1026 1260 1216 1332 vestemque
1240 1258 1386 1318 nitidam.

215 1367 330 1442 Stupet
360 1383 435 1443 ergo
466 1369 679 1429 Telemachus
709 1370 763 1429 ubi
795 1371 904 1430 oculos
934 1371 969 1430 in
999 1387 1075 1430 eum
1106 1371 1266 1431 convertit
1292 1373 1388 1444 atque

214 1481 264 1539 sic
286 1481 442 1554 loquitur:

348 1592 464 1668 ἀλλοῖός
487 1619 547 1674 μοι,
570 1591 653 1675 ξεῖν’,
675 1595 789 1675 ἐφάνης
812 1593 882 1657 νέον
905 1593 940 1675 ἠὲ
963 1596 1103 1676 πάροιθε,
1125 1683 1131 1694 .

349 1704 421 1768 ἅλλα
445 1705 477 1770 δὲ
499 1705 616 1786 salpuc'
631 1696 714 1790 ’ἔχεις
736 1710 789 1772 καί
809 1733 853 1771 τοι
876 1708 951 1790 χρὼς
975 1705 1079 1771 οὐκέθ’
1108 1708 1217 1788 ὁμοῖος.

261 1822 362 1882 Erunt
391 1824 445 1897 qui
475 1825 616 1898 priorem
647 1841 779 1885 versum
810 1826 857 1885 sic
888 1828 1034 1885 vertant:
1063 1825 1165 1899 „alius
1189 1827 1271 1886 mihi
1295 1842 1389 1902 nunc,

211 1936 342 2012 hospes,
374 1937 494 1997 videris
520 1941 617 2012 atque
641 1942 737 1999 antea
760 1939 851 1999 visus
875 1940 949 2014 es”;
974 1940 1031 1999 sed
1054 1940 1176 2013 respuit
1200 1940 1300 1999 istam
1323 1955 1391 1999 161-

212 2048 339 2109 sionem
377 2052 555 2112 accuratior
578 2052 815 2112 ⁴vocabulorum
847 2052 1070 2112 consideratio.
1102 2053 1173 2112 Non
1204 2052 1291 2112 enirn
1322 2049 1391 2111 νέον

212 2164 268 2221 est
291 2179 396 2224 nunc
415 2165 472 2224 sed
491 2166 609 2225 modo
631 2168 716 2236 (ante
735 2166 967 2225 brevissimum
987 2167 1138 2241 tempus),
1160 2181 1264 2239 neque
1276 2163 1390 2243 ἐφάνης

213 2278 270 2337 est
291 2278 454 2338 videris
477 2280 534 2339 sed
557 2280 676 2338 visus
708 2296 760 2340 es.
785 2281 856 2341 Non
878 2280 972 2339 facile
996 2295 1071 2354 ergo
1095 2295 1112 2339 e
1135 2279 1264 2340 traditis
1284 2280 1392 2339 verbis

214 2407 335 2452 sanum
368 2395 529 2454 extundas
563 2409 707 2470 sensum,
743 2396 801 2455 sed
836 2395 1060 2456 emendatione
1095 2408 1175 2467 opus
1206 2395 1266 2452 est.
1298 2392 1393 2451 Nullo

214 2507 327 2565 autem
351 2508 479 2581 negotio
502 2508 685 2568 restituitur
708 2509 740 2568 id
763 2509 871 2583 ipsum
895 2508 978 2582 quod
998 2509 1051 2568 hic
1070 2507 1252 2581 requiritur.
1273 2507 1391 2580 Legen-

217 2619 298 2678 dum
322 2621 425 2680 enim:

428 2731 544 2805 ἀλλοῖός
567 2756 626 2811 μοι,
649 2729 734 2813 ξεῖν’,
757 2732 871 2812 ἐφάνης
897 2731 964 2794 νέον
987 2729 1041 2812 ἠδὲ
1064 2731 1193 2811 πάροιθε

217 2846 324 2922 „alius
347 2848 438 2924 mihi,
463 2849 590 2924 hospes,
615 2850 734 2910 modo
758 2853 798 2910 et
821 2851 947 2909 antea
970 2849 1061 2907 visus
1081 2863 1116 2908 es
1137 2850 1246 2921 (quarn
1265 2847 1393 2916 nunc)'’.

214 2961 332 3020 Modo
363 2963 404 3020 et
435 2964 576 3022 antea:
606 2978 704 3036 quam
729 2964 855 3038 egregie
878 2963 935 3022 illa
961 2963 1057 3022 verba
1080 2961 1256 3020 mirantem
1280 2961 1395 3020 decent

215 3074 466 3135 adolescentem.
491 3077 564 3150 Ipso
589 3077 676 3136 enim
699 3078 869 3151 praesente
893 3077 927 3135 in
950 3077 1102 3136 iuvenem
1123 3075 1282 3134 convertit
1301 3073 1395 3146 Ulys-

213 3203 288 3247 sem
319 3190 478 3264 Minerva3
511 3192 738 3251 tantummodo
769 3193 851 3250 nutu
874 3206 950 3250 eum
973 3191 1060 3249 foras
1084 3190 1182 3248 adse
1205 3188 1395 3259 vocaverat3

214 3302 275 3361 sed
297 3303 367 3361 tam
391 3303 454 3363 cito
478 3303 511 3362 in
534 3304 699 3364 stabulum
720 3305 858 3379 Ulysses
878 3303 973 3363 rediit
991 3305 1028 3363 ut
1046 3301 1229 3362 absentiam
1250 3301 1319 3359 eius
1338 3298 1396 3357 vix

214 3415 338 3475 sentire
357 3416 570 3476 Telemachus
588 3418 740 3492 potuerit.
761 3418 811 3478 Ad
830 3419 936 3477 totam
956 3432 1031 3490 ergo
1048 3416 1139 3476 illam
1152 3413 1396 3474 conversionem

215 3528 413 3588 brevissima
436 3530 575 3603 quadam
599 3545 679 3605 opus
703 3530 766 3592 11111
789 3532 886 3590 horae
905 3529 1072 3604 particula.
1093 3529 1185 3588 Nunc
1204 3527 1257 3587 ubi
1277 3527 1397 3586 iterum

215 3656 293 3700 eum
325 3643 481 3717 conspicit
511 3644 727 3705 Telemachus
759 3644 939 3705 exclamat:
975 3657 1094 3717 „quam
1124 3642 1273 3701 mutatus
1303 3642 1340 3699 tu
1363 3653 1398 3698 os

215 3755 255 3815 ab
288 3772 325 3816 eo
358 3757 411 3831 qui
442 3757 550 3817 fueras
580 3757 688 3834 modo,
726 3775 801 3822 cum
832 3760 942 3818 tecum
973 3756 1185 3831 colloquebar,
1211 3756 1243 3814 et
1266 3752 1398 3814 omnino

216 3886 259 3930 ox
282 3886 344 3944 quo
367 3871 430 3930 huc
453 3872 601 3932 adveni.’'

262 4094 324 4153 241
353 4111 421 4169 sqq.
446 4097 587 4171 Agnitus
611 4114 631 4158 a
653 4095 721 4158 filio
747 4097 884 4170 Ulysses
908 4096 946 4155 de
969 4110 1140 4169 procorum
1164 4109 1299 4153 numero
1324 4108 1399 4152 eum

215 4208 410 4283 interrogat:
447 4210 529 4270 scire
565 4212 654 4272 enim
691 4226 729 4273 se
764 4210 847 4269 velle
879 4212 990 4269 utrum
1022 4209 1111 4268 solus
1143 4223 1218 4267 cum
1248 4205 1314 4265 filio
1346 4220 1401 4265 eos

215 4319 345 4381 vincere
378 4324 482 4397 possit
515 4327 636 4398 proelio
673 4339 717 4385 an
754 4323 851 4384 sociis
887 4338 967 4396 opus
1001 4322 1054 4382 sit.
1090 4321 1152 4380 Hic
1187 4318 1401 4379 Telemachus

219 4435 399 4496 exclamat:
563 4439 565 4446 ’
