<?xml version="1.0" encoding="UTF-8"?>
<!DOCTYPE html PUBLIC "-//W3C//DTD XHTML 1.0 Transitional//EN"
    "http://www.w3.org/TR/xhtml1/DTD/xhtml1-transitional.dtd">
<html xmlns="http://www.w3.org/1999/xhtml" xml:lang="en" lang="en">
 <head>
  <title>
</title>
<meta http-equiv="Content-Type" content="text/html;charset=utf-8" />
  <meta name='ocr-system' content='tesseract 3.04.00' />
  <meta name='ocr-capabilities' content='ocr_page ocr_carea ocr_par ocr_line ocrx_word'/>
</head>
<body>
  <div class='ocr_page' id='page_1' title='image "./epistolacritica00costgoog_0071.png"; bbox 0 0 3270 5262; ppageno 0'>
   <div class='ocr_carea' id='block_1_1' title="bbox 805 671 847 731">
    <p class='ocr_par' dir='ltr' id='par_1_1' title="bbox 805 671 847 731">
     <span class='ocr_line' id='line_1_1' title="bbox 805 671 847 731; baseline -0.048 0"><span class='ocrx_word' id='word_1_1' title='bbox 805 671 847 731; x_wconf 84' lang='lat'><strong>62</strong></span> 
     </span>
    </p>
   </div>
   <div class='ocr_carea' id='block_1_2' title="bbox 238 861 1416 2531">
    <p class='ocr_par' dir='ltr' id='par_1_2' title="bbox 285 861 441 935">
     <span class='ocr_line' id='line_1_2' title="bbox 285 861 441 935; baseline 0 -15"><span class='ocrx_word' id='word_1_2' title='bbox 285 861 347 920; x_wconf 80' lang='lat'><strong>297</strong></span> <span class='ocrx_word' id='word_1_3' title='bbox 372 875 441 935; x_wconf 88' lang='lat' dir='ltr'><strong>sqq.</strong></span> 
     </span>
    </p>

    <p class='ocr_par' dir='ltr' id='par_1_3' title="bbox 395 968 1415 1173">
     <span class='ocr_line' id='line_1_3' title="bbox 395 968 1380 1054; baseline 0.003 -23"><span class='ocrx_word' id='word_1_4' title='bbox 395 969 414 1050; x_wconf 76' lang='grc' dir='ltr'><strong>ἣ</strong></span> <span class='ocrx_word' id='word_1_5' title='bbox 443 968 475 1032; x_wconf 81' lang='grc' dir='ltr'><strong>δὲ</strong></span> <span class='ocrx_word' id='word_1_6' title='bbox 502 977 557 1042; x_wconf 82' lang='lat' dir='ltr'><strong>(so.</strong></span> <span class='ocrx_word' id='word_1_7' title='bbox 585 971 680 1030; x_wconf 85' lang='lat' dir='ltr'><strong>navis</strong></span> <span class='ocrx_word' id='word_1_8' title='bbox 703 971 898 1042; x_wconf 83' lang='lat' dir='ltr'>Telemachi)</span> <span class='ocrx_word' id='word_1_9' title='bbox 925 969 1002 1043; x_wconf 81' lang='grc' dir='ltr'><strong><em>Φεὰς</em></strong></span> <span class='ocrx_word' id='word_1_10' title='bbox 1025 969 1182 1051; x_wconf 72' lang='grc' dir='ltr'><strong><em>ἐπέβαλλεν</em></strong></span> <span class='ocrx_word' id='word_1_11' title='bbox 1206 971 1380 1054; x_wconf 76' lang='grc' dir='ltr'><em>ἐπειγομένη</em></span> 
     </span>
     <span class='ocr_line' id='line_1_4' title="bbox 1225 1085 1415 1173; baseline 0.011 -27"><span class='ocrx_word' id='word_1_12' title='bbox 1225 1086 1309 1160; x_wconf 85' lang='grc' dir='ltr'><em>[Διὸς</em></span> <span class='ocrx_word' id='word_1_13' title='bbox 1332 1085 1415 1173; x_wconf 74' lang='grc' dir='ltr'><em>οὔρῳ</em></span> 
     </span>
    </p>

    <p class='ocr_par' dir='ltr' id='par_1_4' title="bbox 394 1193 1188 1279">
     <span class='ocr_line' id='line_1_5' title="bbox 394 1193 1188 1279; baseline 0.004 -21"><span class='ocrx_word' id='word_1_14' title='bbox 394 1194 448 1276; x_wconf 77' lang='grc' dir='ltr'><strong>ἠδὲ</strong></span> <span class='ocrx_word' id='word_1_15' title='bbox 470 1193 539 1278; x_wconf 81' lang='grc' dir='ltr'><em>παρ’</em></span> <span class='ocrx_word' id='word_1_16' title='bbox 559 1195 674 1257; x_wconf 76' lang='grc' dir='ltr'><em>Ἤλιδα</em></span> <span class='ocrx_word' id='word_1_17' title='bbox 698 1198 776 1275; x_wconf 80' lang='grc' dir='ltr'><em>δῖαν,</em></span> <span class='ocrx_word' id='word_1_18' title='bbox 800 1197 851 1258; x_wconf 78' lang='grc' dir='ltr'><em>ὅθι</em></span> <span class='ocrx_word' id='word_1_19' title='bbox 875 1196 1047 1279; x_wconf 80' lang='grc' dir='ltr'><em>αρνιὲονσιν</em></span> <span class='ocrx_word' id='word_1_20' title='bbox 1068 1195 1188 1261; x_wconf 85' lang='grc' dir='ltr'><em>Ἐπειοί.</em></span> 
     </span>
    </p>

    <p class='ocr_par' dir='ltr' id='par_1_5' title="bbox 395 1302 1077 1398">
     <span class='ocr_line' id='line_1_6' title="bbox 395 1302 1077 1398; baseline 0.003 -27"><span class='ocrx_word' id='word_1_21' title='bbox 395 1311 483 1372; x_wconf 77' lang='grc' dir='ltr'><em>ἔνθεν</em></span> <span class='ocrx_word' id='word_1_22' title='bbox 507 1306 534 1371; x_wconf 83' lang='grc' dir='ltr'><strong>δ’</strong></span> <span class='ocrx_word' id='word_1_23' title='bbox 562 1302 601 1370; x_wconf 75' lang='grc' dir='ltr'><strong>αὖ</strong></span> <span class='ocrx_word' id='word_1_24' title='bbox 626 1310 762 1388; x_wconf 81' lang='grc' dir='ltr'><em>νήσοισιν</em></span> <span class='ocrx_word' id='word_1_25' title='bbox 788 1309 961 1392; x_wconf 78' lang='grc' dir='ltr'><em>ἐπιπροέηκε</em></span> <span class='ocrx_word' id='word_1_26' title='bbox 984 1318 1077 1398; x_wconf 72' lang='grc' dir='ltr'><em>θοῇσι</em></span> 
     </span>
    </p>

    <p class='ocr_par' dir='ltr' id='par_1_6' title="bbox 284 1401 1166 1512">
     <span class='ocr_line' id='line_1_7' title="bbox 284 1401 1166 1512; baseline -0.002 -23"><span class='ocrx_word' id='word_1_27' title='bbox 284 1431 348 1489; x_wconf 88' lang='grc'><strong>300</strong></span> <span class='ocrx_word' id='word_1_28' title='bbox 394 1424 554 1506; x_wconf 81' lang='grc' dir='ltr'><em>ὁρμαίνων,</em></span> <span class='ocrx_word' id='word_1_29' title='bbox 575 1423 595 1504; x_wconf 74' lang='grc' dir='ltr'><em>ἢ</em></span> <span class='ocrx_word' id='word_1_30' title='bbox 617 1447 668 1485; x_wconf 84' lang='grc' dir='ltr'><strong>κεν</strong></span> <span class='ocrx_word' id='word_1_31' title='bbox 691 1401 825 1486; x_wconf 78' lang='grc' dir='ltr'><em>θάνατον</em></span> <span class='ocrx_word' id='word_1_32' title='bbox 850 1427 932 1511; x_wconf 75' lang='grc' dir='ltr'><strong>φύγῃ</strong></span> <span class='ocrx_word' id='word_1_33' title='bbox 956 1425 976 1506; x_wconf 77' lang='grc' dir='ltr'>ἥ</span> <span class='ocrx_word' id='word_1_34' title='bbox 998 1450 1030 1487; x_wconf 81' lang='grc' dir='ltr'><strong>κε</strong></span> <span class='ocrx_word' id='word_1_35' title='bbox 1053 1428 1166 1512; x_wconf 56' lang='grc' dir='ltr'><em>ἒαλώῃ.</em></span> 
     </span>
    </p>

    <p class='ocr_par' dir='ltr' id='par_1_7' title="bbox 238 1541 1416 2531">
     <span class='ocr_line' id='line_1_8' title="bbox 282 1541 1416 1620; baseline 0.004 -17"><span class='ocrx_word' id='word_1_36' title='bbox 282 1545 353 1603; x_wconf 92' lang='lat' dir='ltr'><strong>Non</strong></span> <span class='ocrx_word' id='word_1_37' title='bbox 373 1542 548 1602; x_wconf 80' lang='lat' dir='ltr'><strong>admodum</strong></span> <span class='ocrx_word' id='word_1_38' title='bbox 567 1541 755 1601; x_wconf 89' lang='lat' dir='ltr'><strong>verisimilis</strong></span> <span class='ocrx_word' id='word_1_39' title='bbox 775 1542 856 1600; x_wconf 90' lang='lat' dir='ltr'><strong>mihi</strong></span> <span class='ocrx_word' id='word_1_40' title='bbox 876 1543 1003 1603; x_wconf 88' lang='lat' dir='ltr'><strong>videtur</strong></span> <span class='ocrx_word' id='word_1_41' title='bbox 1023 1544 1207 1605; x_wconf 85' lang='lat' dir='ltr'><strong>coniectura</strong></span> <span class='ocrx_word' id='word_1_42' title='bbox 1224 1562 1287 1620; x_wconf 91' lang='lat' dir='ltr'><strong>qua</strong></span> <span class='ocrx_word' id='word_1_43' title='bbox 1299 1547 1416 1607; x_wconf 87' lang='lat' dir='ltr'><strong>tollere</strong></span> 
     </span>
     <span class='ocr_line' id='line_1_9' title="bbox 239 1655 1415 1739; baseline 0.004 -23"><span class='ocrx_word' id='word_1_44' title='bbox 239 1659 385 1732; x_wconf 89' lang='lat' dir='ltr'><strong>ineptum</strong></span> <span class='ocrx_word' id='word_1_45' title='bbox 407 1658 494 1717; x_wconf 90' lang='lat' dir='ltr'><strong>istud</strong></span> <span class='ocrx_word' id='word_1_46' title='bbox 517 1655 633 1733; x_wconf 79' lang='grc' dir='ltr'><em>νήσοισι</em></span> <span class='ocrx_word' id='word_1_47' title='bbox 655 1661 747 1739; x_wconf 73' lang='grc' dir='ltr'><em>θοῇσι</em></span> <span class='ocrx_word' id='word_1_48' title='bbox 771 1657 949 1730; x_wconf 88' lang='lat' dir='ltr'><strong>conamini;</strong></span> <span class='ocrx_word' id='word_1_49' title='bbox 975 1659 1031 1718; x_wconf 91' lang='lat' dir='ltr'><strong>sed</strong></span> <span class='ocrx_word' id='word_1_50' title='bbox 1055 1657 1166 1732; x_wconf 85' lang='lat' dir='ltr'><strong>fingite</strong></span> <span class='ocrx_word' id='word_1_51' title='bbox 1191 1660 1296 1734; x_wconf 92' lang='lat' dir='ltr'><strong>aliquo</strong></span> <span class='ocrx_word' id='word_1_52' title='bbox 1317 1663 1415 1721; x_wconf 90' lang='lat' dir='ltr'><strong>modo</strong></span> 
     </span>
     <span class='ocr_line' id='line_1_10' title="bbox 238 1772 1415 1849; baseline 0.002 -17"><span class='ocrx_word' id='word_1_53' title='bbox 238 1775 398 1832; x_wconf 90' lang='lat' dir='ltr'><strong>remotam</strong></span> <span class='ocrx_word' id='word_1_54' title='bbox 422 1772 512 1831; x_wconf 91' lang='lat' dir='ltr'><strong>illam</strong></span> <span class='ocrx_word' id='word_1_55' title='bbox 535 1772 708 1845; x_wconf 76' lang='lat' dir='ltr'><strong>maculam,</strong></span> <span class='ocrx_word' id='word_1_56' title='bbox 733 1772 869 1830; x_wconf 76' lang='lat' dir='ltr'><strong>restabit</strong></span> <span class='ocrx_word' id='word_1_57' title='bbox 888 1773 999 1832; x_wconf 89' lang='lat' dir='ltr'><strong>tamen</strong></span> <span class='ocrx_word' id='word_1_58' title='bbox 1019 1789 1133 1832; x_wconf 90' lang='lat' dir='ltr'><strong>versus</strong></span> <span class='ocrx_word' id='word_1_59' title='bbox 1154 1775 1227 1849; x_wconf 89' lang='lat'>300,</span> <span class='ocrx_word' id='word_1_60' title='bbox 1250 1776 1303 1848; x_wconf 91' lang='lat' dir='ltr'><strong>qui</strong></span> <span class='ocrx_word' id='word_1_61' title='bbox 1323 1777 1415 1835; x_wconf 93' lang='lat' dir='ltr'><strong>totus</strong></span> 
     </span>
     <span class='ocr_line' id='line_1_11' title="bbox 238 1880 1415 1964; baseline 0.002 -18"><span class='ocrx_word' id='word_1_62' title='bbox 238 1889 288 1946; x_wconf 88' lang='lat' dir='ltr'><strong>est</strong></span> <span class='ocrx_word' id='word_1_63' title='bbox 315 1886 577 1961; x_wconf 86' lang='lat' dir='ltr'><strong>absurdissimus,</strong></span> <span class='ocrx_word' id='word_1_64' title='bbox 602 1886 677 1959; x_wconf 87' lang='lat' dir='ltr'><strong>quia</strong></span> <span class='ocrx_word' id='word_1_65' title='bbox 700 1880 852 1962; x_wconf 81' lang='grc' dir='ltr'><em>ὁρμοίιειι</em></span> <span class='ocrx_word' id='word_1_66' title='bbox 876 1901 914 1945; x_wconf 89' lang='lat' dir='ltr'><strong>ea</strong></span> <span class='ocrx_word' id='word_1_67' title='bbox 937 1888 1101 1947; x_wconf 77' lang='lat' dir='ltr'><strong>structura</strong></span> <span class='ocrx_word' id='word_1_68' title='bbox 1124 1891 1288 1964; x_wconf 86' lang='lat' dir='ltr'><strong>sequente,</strong></span> <span class='ocrx_word' id='word_1_69' title='bbox 1314 1905 1415 1962; x_wconf 89' lang='lat' dir='ltr'><strong>quarn</strong></span> 
     </span>
     <span class='ocr_line' id='line_1_12' title="bbox 238 1999 1416 2076; baseline 0.003 -17"><span class='ocrx_word' id='word_1_70' title='bbox 238 2018 324 2061; x_wconf 87' lang='lat' dir='ltr'><strong>nuno</strong></span> <span class='ocrx_word' id='word_1_71' title='bbox 346 2001 513 2076; x_wconf 87' lang='lat' dir='ltr'><strong>habemus,</strong></span> <span class='ocrx_word' id='word_1_72' title='bbox 539 2000 619 2058; x_wconf 91' lang='lat' dir='ltr'><strong>nihil</strong></span> <span class='ocrx_word' id='word_1_73' title='bbox 644 2000 730 2059; x_wconf 91' lang='lat' dir='ltr'><strong>aliud</strong></span> <span class='ocrx_word' id='word_1_74' title='bbox 754 1999 935 2073; x_wconf 85' lang='lat' dir='ltr'><strong>significare</strong></span> <span class='ocrx_word' id='word_1_75' title='bbox 959 2002 1066 2073; x_wconf 88' lang='lat' dir='ltr'><strong>potest</strong></span> <span class='ocrx_word' id='word_1_76' title='bbox 1086 2017 1200 2074; x_wconf 92' lang='lat' dir='ltr'><strong>quam:</strong></span> <span class='ocrx_word' id='word_1_77' title='bbox 1217 2003 1416 2076; x_wconf 83' lang='lat' dir='ltr'><strong>„deliberare</strong></span> 
     </span>
     <span class='ocr_line' id='line_1_13' title="bbox 239 2111 1415 2189; baseline 0 -14"><span class='ocrx_word' id='word_1_78' title='bbox 239 2117 313 2189; x_wconf 91' lang='lat' dir='ltr'><strong>quid</strong></span> <span class='ocrx_word' id='word_1_79' title='bbox 348 2116 406 2175; x_wconf 90' lang='lat' dir='ltr'><strong>sit</strong></span> <span class='ocrx_word' id='word_1_80' title='bbox 440 2114 713 2175; x_wconf 84' lang='lat' dir='ltr'><strong>iaciendum.”</strong></span> <span class='ocrx_word' id='word_1_81' title='bbox 748 2111 912 2173; x_wconf 81' lang='lat' dir='ltr'><strong>Deliberat</strong></span> <span class='ocrx_word' id='word_1_82' title='bbox 946 2129 1020 2187; x_wconf 85' lang='lat' dir='ltr'><strong>ergo</strong></span> <span class='ocrx_word' id='word_1_83' title='bbox 1056 2115 1269 2174; x_wconf 80' lang='lat' dir='ltr'><strong>Telemachus</strong></span> <span class='ocrx_word' id='word_1_84' title='bbox 1302 2118 1415 2175; x_wconf 87' lang='lat' dir='ltr'><strong>utrum</strong></span> 
     </span>
     <span class='ocr_line' id='line_1_14' title="bbox 238 2228 1414 2305; baseline -0.002 -15"><span class='ocrx_word' id='word_1_85' title='bbox 238 2231 437 2305; x_wconf 86' lang='lat' dir='ltr'><strong>pereundum</strong></span> <span class='ocrx_word' id='word_1_86' title='bbox 464 2229 525 2288; x_wconf 89' lang='lat' dir='ltr'><strong>sibi</strong></span> <span class='ocrx_word' id='word_1_87' title='bbox 549 2229 593 2287; x_wconf 93' lang='lat' dir='ltr'><strong>sit</strong></span> <span class='ocrx_word' id='word_1_88' title='bbox 616 2243 656 2287; x_wconf 93' lang='lat' dir='ltr'><strong>an</strong></span> <span class='ocrx_word' id='word_1_89' title='bbox 680 2243 769 2286; x_wconf 90' lang='lat' dir='ltr'><strong>mors</strong></span> <span class='ocrx_word' id='word_1_90' title='bbox 793 2229 941 2286; x_wconf 80' lang='lat' dir='ltr'><strong>vitanda!</strong></span> <span class='ocrx_word' id='word_1_91' title='bbox 966 2228 1148 2303; x_wconf 88' lang='lat' dir='ltr'><strong>Utrumque</strong></span> <span class='ocrx_word' id='word_1_92' title='bbox 1172 2246 1304 2289; x_wconf 87' lang='lat' dir='ltr'><strong>versum</strong></span> <span class='ocrx_word' id='word_1_93' title='bbox 1328 2232 1414 2303; x_wconf 91' lang='lat' dir='ltr'><strong>equi-</strong></span> 
     </span>
     <span class='ocr_line' id='line_1_15' title="bbox 238 2342 1415 2415; baseline 0 -11"><span class='ocrx_word' id='word_1_94' title='bbox 238 2346 312 2404; x_wconf 88' lang='lat' dir='ltr'><strong>dem</strong></span> <span class='ocrx_word' id='word_1_95' title='bbox 343 2343 518 2403; x_wconf 85' lang='lat' dir='ltr'><strong>deleverim</strong></span> <span class='ocrx_word' id='word_1_96' title='bbox 549 2343 660 2415; x_wconf 88' lang='lat' dir='ltr'><strong>utpote</strong></span> <span class='ocrx_word' id='word_1_97' title='bbox 692 2342 850 2399; x_wconf 78' lang='lat' dir='ltr'><strong>insertum</strong></span> <span class='ocrx_word' id='word_1_98' title='bbox 882 2342 921 2401; x_wconf 91' lang='lat' dir='ltr'><strong>ab</strong></span> <span class='ocrx_word' id='word_1_99' title='bbox 954 2357 990 2400; x_wconf 89' lang='lat' dir='ltr'><strong>eo</strong></span> <span class='ocrx_word' id='word_1_100' title='bbox 1022 2343 1076 2415; x_wconf 93' lang='lat' dir='ltr'><strong>qui</strong></span> <span class='ocrx_word' id='word_1_101' title='bbox 1103 2359 1236 2403; x_wconf 88' lang='lat' dir='ltr'><strong>versum</strong></span> <span class='ocrx_word' id='word_1_102' title='bbox 1261 2345 1324 2403; x_wconf 82' lang='lat'><strong>298</strong></span> <span class='ocrx_word' id='word_1_103' title='bbox 1349 2361 1415 2404; x_wconf 92' lang='lat' dir='ltr'><strong>non</strong></span> 
     </span>
     <span class='ocr_line' id='line_1_16' title="bbox 239 2454 1204 2531; baseline -0.001 -14"><span class='ocrx_word' id='word_1_104' title='bbox 239 2474 310 2517; x_wconf 89' lang='lat' dir='ltr'><strong>esse</strong></span> <span class='ocrx_word' id='word_1_105' title='bbox 334 2458 444 2531; x_wconf 89' lang='lat' dir='ltr'><strong>aptam</strong></span> <span class='ocrx_word' id='word_1_106' title='bbox 468 2455 621 2529; x_wconf 83' lang='lat' dir='ltr'><strong>longioris</strong></span> <span class='ocrx_word' id='word_1_107' title='bbox 644 2454 839 2513; x_wconf 85' lang='lat' dir='ltr'><strong>narrationis</strong></span> <span class='ocrx_word' id='word_1_108' title='bbox 863 2454 1042 2514; x_wconf 86' lang='lat' dir='ltr'><strong>clausulam</strong></span> <span class='ocrx_word' id='word_1_109' title='bbox 1066 2458 1204 2528; x_wconf 83' lang='lat' dir='ltr'><strong>putaret.</strong></span> 
     </span>
    </p>
   </div>
   <div class='ocr_carea' id='block_1_3' title="bbox 236 2679 1414 3654">
    <p class='ocr_par' dir='ltr' id='par_1_8' title="bbox 236 2679 1414 2984">
     <span class='ocr_line' id='line_1_17' title="bbox 283 2679 1414 2756; baseline 0 -14"><span class='ocrx_word' id='word_1_110' title='bbox 283 2684 346 2743; x_wconf 79' lang='lat'><strong>322</strong></span> <span class='ocrx_word' id='word_1_111' title='bbox 379 2698 447 2756; x_wconf 86' lang='lat' dir='ltr'><strong>sqq.</strong></span> <span class='ocrx_word' id='word_1_112' title='bbox 479 2680 588 2740; x_wconf 88' lang='lat' dir='ltr'><strong>Proois</strong></span> <span class='ocrx_word' id='word_1_113' title='bbox 620 2696 655 2739; x_wconf 88' lang='lat' dir='ltr'><strong>se</strong></span> <span class='ocrx_word' id='word_1_114' title='bbox 682 2679 901 2738; x_wconf 90' lang='lat' dir='ltr'><strong>ministerium</strong></span> <span class='ocrx_word' id='word_1_115' title='bbox 933 2695 1030 2738; x_wconf 90' lang='lat' dir='ltr'><strong>suum</strong></span> <span class='ocrx_word' id='word_1_116' title='bbox 1062 2680 1246 2740; x_wconf 87' lang='lat' dir='ltr'><strong>oblaturum</strong></span> <span class='ocrx_word' id='word_1_117' title='bbox 1270 2683 1414 2742; x_wconf 83' lang='lat' dir='ltr'><strong>Eumaeo</strong></span> 
     </span>
     <span class='ocr_line' id='line_1_18' title="bbox 237 2794 1412 2870; baseline 0 -15"><span class='ocrx_word' id='word_1_118' title='bbox 237 2798 354 2870; x_wconf 88' lang='lat' dir='ltr'><strong>hospes</strong></span> <span class='ocrx_word' id='word_1_119' title='bbox 385 2794 546 2869; x_wconf 85' lang='lat' dir='ltr'><strong>significat</strong></span> <span class='ocrx_word' id='word_1_120' title='bbox 576 2797 807 2867; x_wconf 87' lang='lat' dir='ltr'><strong>enumeratque</strong></span> <span class='ocrx_word' id='word_1_121' title='bbox 838 2809 890 2852; x_wconf 89' lang='lat' dir='ltr'><strong>res</strong></span> <span class='ocrx_word' id='word_1_122' title='bbox 918 2809 997 2866; x_wconf 92' lang='lat' dir='ltr'><strong>quas</strong></span> <span class='ocrx_word' id='word_1_123' title='bbox 1021 2796 1094 2868; x_wconf 91' lang='lat' dir='ltr'><strong>apte</strong></span> <span class='ocrx_word' id='word_1_124' title='bbox 1117 2796 1282 2868; x_wconf 87' lang='lat' dir='ltr'><strong>periteque</strong></span> <span class='ocrx_word' id='word_1_125' title='bbox 1306 2797 1412 2855; x_wconf 88' lang='lat' dir='ltr'><strong>facere</strong></span> 
     </span>
     <span class='ocr_line' id='line_1_19' title="bbox 236 2908 653 2984; baseline -0.01 -15"><span class='ocrx_word' id='word_1_126' title='bbox 236 2911 340 2984; x_wconf 90' lang='lat' dir='ltr'><strong>possit</strong></span> <span class='ocrx_word' id='word_1_127' title='bbox 363 2913 395 2969; x_wconf 93' lang='lat' dir='ltr'><strong>et</strong></span> <span class='ocrx_word' id='word_1_128' title='bbox 418 2909 499 2969; x_wconf 90' lang='lat' dir='ltr'><strong>alias</strong></span> <span class='ocrx_word' id='word_1_129' title='bbox 522 2917 554 2967; x_wconf 87' lang='lat' dir='ltr'><strong>et</strong></span> <span class='ocrx_word' id='word_1_130' title='bbox 577 2908 653 2966; x_wconf 89' lang='lat' dir='ltr'><strong>has:</strong></span> 
     </span>
    </p>

    <p class='ocr_par' dir='ltr' id='par_1_9' title="bbox 436 3016 1195 3328">
     <span class='ocr_line' id='line_1_20' title="bbox 436 3016 1195 3101; baseline 0 -20"><span class='ocrx_word' id='word_1_131' title='bbox 436 3031 496 3101; x_wconf 86' lang='grc' dir='ltr'><strong>πῦρ</strong></span> <span class='ocrx_word' id='word_1_132' title='bbox 517 3016 538 3087; x_wconf 66' lang='grc' dir='ltr'><strong>,τ’</strong></span> <span class='ocrx_word' id='word_1_133' title='bbox 566 3019 598 3079; x_wconf 79' lang='grc' dir='ltr'><strong>ἐὺ</strong></span> <span class='ocrx_word' id='word_1_134' title='bbox 622 3028 731 3098; x_wconf 79' lang='grc' dir='ltr'><em>νηῆσαι</em></span> <span class='ocrx_word' id='word_1_135' title='bbox 755 3019 804 3079; x_wconf 79' lang='grc' dir='ltr'><em>διά</em></span> <span class='ocrx_word' id='word_1_136' title='bbox 825 3042 855 3080; x_wconf 80' lang='grc' dir='ltr'><strong>τε</strong></span> <span class='ocrx_word' id='word_1_137' title='bbox 878 3020 949 3092; x_wconf 78' lang='grc' dir='ltr'><em>ξύλα</em></span> <span class='ocrx_word' id='word_1_138' title='bbox 974 3018 1051 3080; x_wconf 76' lang='grc' dir='ltr'><em>δανὰ</em></span> <span class='ocrx_word' id='word_1_139' title='bbox 1073 3021 1195 3081; x_wconf 80' lang='grc' dir='ltr'><em>κεάσσαι</em></span> 
     </span>
     <span class='ocr_line' id='line_1_21' title="bbox 437 3130 1177 3215; baseline -0.001 -20"><span class='ocrx_word' id='word_1_140' title='bbox 437 3134 608 3215; x_wconf 80' lang='grc' dir='ltr'><em>δαιτρεῦσαί</em></span> <span class='ocrx_word' id='word_1_141' title='bbox 628 3156 657 3194; x_wconf 84' lang='grc' dir='ltr'><strong>τε</strong></span> <span class='ocrx_word' id='word_1_142' title='bbox 680 3133 730 3193; x_wconf 83' lang='grc' dir='ltr'><strong>καὶ</strong></span> <span class='ocrx_word' id='word_1_143' title='bbox 753 3130 878 3211; x_wconf 76' lang='grc' dir='ltr'><em>ὀπτῆσαι</em></span> <span class='ocrx_word' id='word_1_144' title='bbox 900 3131 950 3192; x_wconf 81' lang='grc' dir='ltr'><strong>καὶ</strong></span> <span class='ocrx_word' id='word_1_145' title='bbox 973 3135 1177 3213; x_wconf 55' lang='grc' dir='ltr'><em>ἒοινοχοῆσαι,</em></span> 
     </span>
     <span class='ocr_line' id='line_1_22' title="bbox 437 3243 1161 3328; baseline -0.003 -19"><span class='ocrx_word' id='word_1_146' title='bbox 437 3243 485 3309; x_wconf 77' lang='grc' dir='ltr'><em>οἶά</em></span> <span class='ocrx_word' id='word_1_147' title='bbox 508 3271 537 3308; x_wconf 82' lang='grc' dir='ltr'><strong>τε</strong></span> <span class='ocrx_word' id='word_1_148' title='bbox 559 3243 631 3308; x_wconf 83' lang='grc' dir='ltr'><em>τοῑσ’</em></span> <span class='ocrx_word' id='word_1_149' title='bbox 659 3247 799 3328; x_wconf 80' lang='grc' dir='ltr'><em>ἀγαθοῖσι</em></span> <span class='ocrx_word' id='word_1_150' title='bbox 823 3248 1029 3328; x_wconf 78' lang='grc' dir='ltr'><em>παραδράονσι</em></span> <span class='ocrx_word' id='word_1_151' title='bbox 1053 3246 1161 3327; x_wconf 81' lang='grc' dir='ltr'><em>χέρηες.</em></span> 
     </span>
    </p>

    <p class='ocr_par' dir='ltr' id='par_1_10' title="bbox 237 3358 1408 3654">
     <span class='ocr_line' id='line_1_23' title="bbox 280 3358 1405 3441; baseline -0.003 -14"><span class='ocrx_word' id='word_1_152' title='bbox 280 3368 397 3441; x_wconf 80' lang='lat' dir='ltr'><strong>Aliquo</strong></span> <span class='ocrx_word' id='word_1_153' title='bbox 420 3367 515 3425; x_wconf 91' lang='lat' dir='ltr'><strong>modo</strong></span> <span class='ocrx_word' id='word_1_154' title='bbox 539 3364 740 3424; x_wconf 87' lang='lat' dir='ltr'><strong>efficiendum</strong></span> <span class='ocrx_word' id='word_1_155' title='bbox 764 3365 841 3437; x_wconf 89' lang='lat' dir='ltr'><strong>puto</strong></span> <span class='ocrx_word' id='word_1_156' title='bbox 864 3365 901 3423; x_wconf 94' lang='lat' dir='ltr'><strong>ut</strong></span> <span class='ocrx_word' id='word_1_157' title='bbox 924 3364 1010 3424; x_wconf 89' lang='lat' dir='ltr'><strong>istud</strong></span> <span class='ocrx_word' id='word_1_158' title='bbox 1033 3358 1121 3439; x_wconf 86' lang='grc' dir='ltr'><em>ιοῖσ’,</em></span> <span class='ocrx_word' id='word_1_159' title='bbox 1143 3365 1226 3438; x_wconf 91' lang='lat' dir='ltr'><strong>quod</strong></span> <span class='ocrx_word' id='word_1_160' title='bbox 1246 3365 1307 3440; x_wconf 87' lang='lat' dir='ltr'><strong>hic,</strong></span> <span class='ocrx_word' id='word_1_161' title='bbox 1328 3367 1405 3424; x_wconf 91' lang='lat' dir='ltr'><strong>tam-</strong></span> 
     </span>
     <span class='ocr_line' id='line_1_24' title="bbox 237 3477 1408 3554; baseline -0.002 -14"><span class='ocrx_word' id='word_1_162' title='bbox 237 3497 334 3554; x_wconf 91' lang='lat' dir='ltr'><strong>quam</strong></span> <span class='ocrx_word' id='word_1_163' title='bbox 355 3481 435 3539; x_wconf 91' lang='lat' dir='ltr'><strong>siin</strong></span> <span class='ocrx_word' id='word_1_164' title='bbox 455 3494 605 3538; x_wconf 87' lang='lat' dir='ltr'><strong>sermone</strong></span> <span class='ocrx_word' id='word_1_165' title='bbox 623 3477 764 3551; x_wconf 87' lang='lat' dir='ltr'><strong>pedestri</strong></span> <span class='ocrx_word' id='word_1_166' title='bbox 784 3492 998 3551; x_wconf 85' lang='lat' dir='ltr'><strong>versaremur,</strong></span> <span class='ocrx_word' id='word_1_167' title='bbox 1021 3478 1147 3537; x_wconf 87' lang='lat' dir='ltr'><strong>articuli</strong></span> <span class='ocrx_word' id='word_1_168' title='bbox 1167 3479 1237 3538; x_wconf 91' lang='lat' dir='ltr'><strong>vice</strong></span> <span class='ocrx_word' id='word_1_169' title='bbox 1253 3479 1408 3554; x_wconf 84' lang='lat' dir='ltr'><strong>fungitur,</strong></span> 
     </span>
     <span class='ocr_line' id='line_1_25' title="bbox 237 3595 409 3654; baseline 0 -1"><span class='ocrx_word' id='word_1_170' title='bbox 237 3595 409 3654; x_wconf 81' lang='lat' dir='ltr'><strong>eximatur.</strong></span> 
     </span>
    </p>
   </div>
   <div class='ocr_carea' id='block_1_4' title="bbox 236 3815 1412 4581">
    <p class='ocr_par' dir='ltr' id='par_1_11' title="bbox 236 3815 1411 4106">
     <span class='ocr_line' id='line_1_26' title="bbox 281 3815 1411 3891; baseline -0.004 -12"><span class='ocrx_word' id='word_1_171' title='bbox 281 3821 343 3879; x_wconf 85' lang='lat'><strong>331</strong></span> <span class='ocrx_word' id='word_1_172' title='bbox 377 3835 424 3891; x_wconf 89' lang='lat' dir='ltr'><strong>sq.</strong></span> <span class='ocrx_word' id='word_1_173' title='bbox 456 3818 485 3876; x_wconf 91' lang='lat' dir='ltr'><strong>A</strong></span> <span class='ocrx_word' id='word_1_174' title='bbox 515 3816 677 3891; x_wconf 91' lang='lat' dir='ltr'><strong>proposito</strong></span> <span class='ocrx_word' id='word_1_175' title='bbox 709 3815 866 3874; x_wconf 86' lang='lat' dir='ltr'><strong>abducere</strong></span> <span class='ocrx_word' id='word_1_176' title='bbox 897 3815 1059 3889; x_wconf 89' lang='lat' dir='ltr'><strong>hospitem</strong></span> <span class='ocrx_word' id='word_1_177' title='bbox 1092 3818 1225 3876; x_wconf 91' lang='lat' dir='ltr'><strong>conatur</strong></span> <span class='ocrx_word' id='word_1_178' title='bbox 1248 3818 1411 3876; x_wconf 82' lang='lat' dir='ltr'><strong>Eumaeus</strong></span> 
     </span>
     <span class='ocr_line' id='line_1_27' title="bbox 236 3929 1410 4004; baseline -0.003 -11"><span class='ocrx_word' id='word_1_179' title='bbox 236 3932 394 3993; x_wconf 89' lang='lat' dir='ltr'><strong>narrando</strong></span> <span class='ocrx_word' id='word_1_180' title='bbox 426 3946 524 4004; x_wconf 93' lang='lat' dir='ltr'><strong>quam</strong></span> <span class='ocrx_word' id='word_1_181' title='bbox 555 3930 622 3988; x_wconf 90' lang='lat' dir='ltr'><strong>sint</strong></span> <span class='ocrx_word' id='word_1_182' title='bbox 652 3929 785 3988; x_wconf 82' lang='lat' dir='ltr'><strong>formosi</strong></span> <span class='ocrx_word' id='word_1_183' title='bbox 817 3929 972 4002; x_wconf 89' lang='lat' dir='ltr'><strong>nitidique</strong></span> <span class='ocrx_word' id='word_1_184' title='bbox 1004 3930 1145 3989; x_wconf 90' lang='lat' dir='ltr'><strong>ministri</strong></span> <span class='ocrx_word' id='word_1_185' title='bbox 1178 3931 1293 4002; x_wconf 86' lang='lat' dir='ltr'><strong>quibus</strong></span> <span class='ocrx_word' id='word_1_186' title='bbox 1323 3932 1410 4003; x_wconf 89' lang='lat' dir='ltr'><strong>proci</strong></span> 
     </span>
     <span class='ocr_line' id='line_1_28' title="bbox 236 4044 711 4106; baseline -0.011 0"><span class='ocrx_word' id='word_1_187' title='bbox 236 4048 378 4106; x_wconf 90' lang='lat' dir='ltr'><strong>utantur.</strong></span> <span class='ocrx_word' id='word_1_188' title='bbox 403 4046 541 4104; x_wconf 87' lang='lat' dir='ltr'><strong>Iuvenes</strong></span> <span class='ocrx_word' id='word_1_189' title='bbox 565 4044 611 4102; x_wconf 91' lang='lat' dir='ltr'><strong>illi</strong></span> <span class='ocrx_word' id='word_1_190' title='bbox 635 4044 711 4102; x_wconf 90' lang='lat' dir='ltr'><strong>sunt</strong></span> 
     </span>
    </p>

    <p class='ocr_par' dir='ltr' id='par_1_12' title="bbox 444 4153 1196 4347">
     <span class='ocr_line' id='line_1_29' title="bbox 608 4153 1177 4235; baseline 0.002 -21"><span class='ocrx_word' id='word_1_191' title='bbox 608 4155 727 4234; x_wconf 79' lang='grc' dir='ltr'><em>χλαίνας</em></span> <span class='ocrx_word' id='word_1_192' title='bbox 753 4153 786 4214; x_wconf 77' lang='grc' dir='ltr'><strong>ἐὺ</strong></span> <span class='ocrx_word' id='word_1_193' title='bbox 809 4153 942 4233; x_wconf 51' lang='grc' dir='ltr'><em>ἔειμὲνοι</em></span> <span class='ocrx_word' id='word_1_194' title='bbox 967 4153 1021 4234; x_wconf 74' lang='grc' dir='ltr'><strong>ἠδὲ</strong></span> <span class='ocrx_word' id='word_1_195' title='bbox 1044 4165 1177 4235; x_wconf 81' lang='grc' dir='ltr'><em>χιτῶνας,</em></span> 
     </span>
     <span class='ocr_line' id='line_1_30' title="bbox 444 4266 1196 4347; baseline -0.004 -16"><span class='ocrx_word' id='word_1_196' title='bbox 444 4267 501 4331; x_wconf 84' lang='grc' dir='ltr'><em>αἰεὶ</em></span> <span class='ocrx_word' id='word_1_197' title='bbox 524 4266 556 4329; x_wconf 78' lang='grc' dir='ltr'><strong>δὲ</strong></span> <span class='ocrx_word' id='word_1_198' title='bbox 579 4267 697 4346; x_wconf 80' lang='grc' dir='ltr'><em>λιπαροὶ</em></span> <span class='ocrx_word' id='word_1_199' title='bbox 721 4266 851 4344; x_wconf 81' lang='grc' dir='ltr'><em>κεφαλὰς</em></span> <span class='ocrx_word' id='word_1_200' title='bbox 874 4266 924 4328; x_wconf 84' lang='grc' dir='ltr'><strong>καὶ</strong></span> <span class='ocrx_word' id='word_1_201' title='bbox 947 4268 1022 4329; x_wconf 82' lang='grc' dir='ltr'><em>καλὰ</em></span> <span class='ocrx_word' id='word_1_202' title='bbox 1044 4269 1196 4347; x_wconf 87' lang='grc' dir='ltr'><em>πρόσωπα.</em></span> 
     </span>
    </p>

    <p class='ocr_par' dir='ltr' id='par_1_13' title="bbox 236 4384 1412 4581">
     <span class='ocr_line' id='line_1_31' title="bbox 280 4384 1412 4464; baseline -0.002 -19"><span class='ocrx_word' id='word_1_203' title='bbox 280 4388 358 4447; x_wconf 86' lang='lat' dir='ltr'><strong>Vitii</strong></span> <span class='ocrx_word' id='word_1_204' title='bbox 389 4388 489 4446; x_wconf 89' lang='lat' dir='ltr'><strong>latere</strong></span> <span class='ocrx_word' id='word_1_205' title='bbox 521 4385 639 4458; x_wconf 89' lang='lat' dir='ltr'><strong>aliquid</strong></span> <span class='ocrx_word' id='word_1_206' title='bbox 670 4385 831 4459; x_wconf 89' lang='lat' dir='ltr'><strong>suspicor:</strong></span> <span class='ocrx_word' id='word_1_207' title='bbox 861 4386 1007 4459; x_wconf 90' lang='lat' dir='ltr'><strong>ineptum</strong></span> <span class='ocrx_word' id='word_1_208' title='bbox 1031 4385 1118 4443; x_wconf 88' lang='lat' dir='ltr'><strong>enirn</strong></span> <span class='ocrx_word' id='word_1_209' title='bbox 1142 4386 1269 4444; x_wconf 88' lang='lat' dir='ltr'><strong>videtur</strong></span> <span class='ocrx_word' id='word_1_210' title='bbox 1291 4384 1412 4464; x_wconf 85' lang='grc' dir='ltr'><em>λιπαροί</em></span> 
     </span>
     <span class='ocr_line' id='line_1_32' title="bbox 236 4497 817 4581; baseline -0.009 -21"><span class='ocrx_word' id='word_1_211' title='bbox 236 4517 300 4560; x_wconf 88' lang='lat' dir='ltr'><strong>non</strong></span> <span class='ocrx_word' id='word_1_212' title='bbox 322 4500 466 4581; x_wconf 87' lang='grc' dir='ltr'><em>πρόσωπα</em></span> <span class='ocrx_word' id='word_1_213' title='bbox 490 4501 545 4559; x_wconf 82' lang='lat' dir='ltr'><strong>sed</strong></span> <span class='ocrx_word' id='word_1_214' title='bbox 569 4497 643 4557; x_wconf 73' lang='grc' dir='ltr'><em>καλὰ</em></span> <span class='ocrx_word' id='word_1_215' title='bbox 666 4497 817 4578; x_wconf 89' lang='grc' dir='ltr'><em>πρόσωπα.</em></span> 
     </span>
    </p>
   </div>
   <div class='ocr_carea' id='block_1_5' title="bbox 0 0 1640 5262">
    <p class='ocr_par' dir='ltr' id='par_1_14' title="bbox 0 0 1640 5262">
     <span class='ocr_line' id='line_1_33' title="bbox 0 0 1640 5262; baseline 0 2"><span class='ocrx_word' id='word_1_216' title='bbox 0 0 1640 5262; x_wconf 95' lang='lat' dir='ltr'><strong> </strong></span> 
     </span>
    </p>
   </div>
  </div>
 </body>
</html>
