3310 5262
808 651 869 709 106

246 837 414 898 interiecto
438 839 543 912 spatio
568 841 626 908 (vs,
652 838 727 908 369)
751 837 871 897 iterum
894 835 965 915 τάχα
989 837 1134 912 recurrit,
1155 837 1212 896 sed
1232 836 1276 895 ibi
1296 835 1422 910 elegen·

246 952 374 1012 tissime
417 952 559 1026 positum
593 953 660 1010 est:
700 950 766 1009 iam
800 951 934 1010 territus
968 966 1139 1025 procorum
1173 949 1273 1009 minis
1307 949 1425 1023 pedem

249 1065 346 1124 refert
369 1066 541 1141 Eumaeus²
566 1065 622 1124 sed
645 1080 777 1139 pergere
801 1080 877 1124 eum
899 1065 947 1124 sic
969 1064 1183 1124 Telemachus
1206 1062 1311 1122 iubet:

427 1175 507 1251 ἅττα,
528 1175 629 1254 ττρόσοι
652 1175 723 1254 φέρε
745 1175 823 1249 τόξα·
846 1171 903 1255 τάχ’
930 1175 985 1242 οὐκ
1009 1174 1042 1237 ἐὺ
1065 1185 1138 1236 πᾶσι
1160 1175 1308 1253 πιθήσεις.

249 1292 461 1365 Lepidissime
492 1292 580 1351 enim
610 1292 713 1351 ironia
736 1291 792 1351 illa
811 1291 981 1351 adhibetur
1004 1291 1043 1351 ab
1067 1289 1113 1351 eo'
1128 1291 1183 1364 qui
1206 1305 1282 1350 cum
1305 1304 1428 1362 magna

248 1403 391 1477 loquitur
419 1403 545 1465 fiducia.
577 1404 721 1478 Denique
750 1421 791 1464 ne
822 1406 884 1464 hoc
915 1405 1045 1478 quidem
1076 1403 1305 1478 negligendum
1337 1402 1428 1462 istud

248 1515 375 1596 πλαγκτέ
404 1533 519 1592 parum
551 1520 665 1591 aptum
697 1533 769 1578 esse
802 1518 980 1578 convitium
1011 1517 1137 1578 homini
1168 1517 1307 1576 assiduo.
1336 1516 1430 1574 Licet

250 1629 338 1690 enim
361 1647 479 1705 negare
501 1631 603 1690 nolim
627 1646 701 1690 eam
724 1646 838 1692 vocem
862 1633 909 1691 sic
932 1631 1076 1691 adhiberi
1096 1646 1190 1705 posse
1210 1631 1247 1690 ut
1269 1630 1427 1705 „emens”

250 1742 419 1821 significet,
451 1745 555 1805 multo
586 1747 698 1805 tamen
728 1746 817 1820 prius
844 1745 935 1805 illam
958 1745 1103 1819 legentes
1127 1745 1166 1804 de
1190 1741 1429 1804 errabundo

250 1858 441 1932 cogitamus.
467 1859 618 1933 Suspicor
641 1859 688 1918 sic
711 1859 778 1918 iere
802 1858 880 1919 olim
903 1858 1062 1933 scriptum
1084 1859 1203 1918 fuisse:

428 1962 447 2048 ἦ
471 1971 549 2048 μάλα
572 1970 610 2049 δή
634 1966 661 2030 σ’
689 1965 731 2047 ἐφ’
760 1971 843 2031 ὕεσσι
866 1971 954 2042 κύνες
978 1968 1075 2049 ταχέες
1098 1968 1272 2028 κατέδονται

251 2087 284 2145 et
313 2086 436 2144 inserta
465 2086 531 2145 ista
553 2082 680 2164 πλαγκτέ
702 2088 735 2145 et
759 2077 797 2145 αὖ
822 2100 897 2145 cum
921 2085 1027 2158 aliquo
1052 2100 1130 2144 casu
1154 2099 1267 2143 versus
1290 2081 1432 2141 mutilus

252 2201 339 2259 esset
361 2199 478 2259 factus.

296 2422 361 2480 424
385 2436 453 2494 sqq.
478 2421 616 2495 Ulysses
639 2421 687 2480 sic
710 2422 884 2495 gloriatur:

364 2609 366 2619 Ι
432 2529 584 2612 Τηλέμαχ’,
607 2531 643 2593 οὔ
667 2528 694 2592 σ’
722 2529 737 2593 ὅ
762 2536 856 2606 ξεῖνος
880 2531 923 2593 ἐνὶ
947 2533 1118 2613 μεγάροισιν
1142 2530 1247 2612 ἐλέγχει

430 2645 548 2725 ἥμενος,
571 2645 642 2708 οὐδὲ
665 2671 691 2707 τι
715 2656 768 2708 τοῦ
792 2655 906 2708 σκοποῦ
930 2645 1080 2727 ἤμβροτον
1104 2644 1175 2708 οὐδέ
1198 2669 1224 2706 τι
1247 2645 1341 2719 τόξον.

431 2759 510 2838 Μὴν
534 2758 644 2839 ἔκαμον
669 2761 796 2822 τανύων.

252 2875 389 2948 Ecquid:
426 2873 461 2934 οὐ
495 2873 551 2955 γάρ
582 2898 608 2934 τι
639 2883 753 2935 σκοποῦ
784 2872 957 2953 ἤμβροτονῗ
987 2875 1093 2935 Nimis
1124 2874 1212 2935 enim
1238 2875 1431 2948 languidum

253 2988 340 3047 istud
363 2996 415 3047 κοῦ
439 2996 562 3057 σκοποῦ,
592 3005 696 3062 neque
720 2989 895 3049 admodum
918 2989 1049 3063 elegans
1073 2989 1192 3062 duplex
1217 2985 1295 3047 οὐδέ.
1319 2988 1432 3047 Primo

253 3117 350 3162 versu
381 3117 412 3159 σε
442 3102 536 3173 ξεῖνος
566 3103 673 3177 legere
704 3103 878 3179 possimus,
910 3103 968 3163 sed
990 3102 1047 3163 illa
1071 3103 1267 3163 correctione
1290 3103 1433 3162 fortasse

254 3232 334 3290 opus
357 3230 421 3274 non
444 3216 504 3291 est,
529 3216 604 3288 quia
628 3216 693 3276 illic
716 3232 811 3276 suam
834 3216 896 3278 sibi
920 3216 1091 3290 emphasin
1113 3217 1212 3276 habet
1236 3213 1261 3275 ὅ.
