3270 5262
620 1737 879 1847 LIBER
924 1737 1082 1846 XIV.

761 2014 955 2022 ——-——-

400 2186 419 2242 8
467 2179 554 2253 αύτδς
578 2176 698 2259 δείμαθ’
726 2181 826 2240 ύεσσιν
851 2176 1058 2258 ἀποιχομένοιο
1081 2179 1238 2251 λάνακτος.

311 2298 388 2356 Mihi
419 2298 448 2356 si
479 2297 642 2370 Odysseae
674 2296 770 2355 editio
802 2297 890 2355 esset
920 2296 1128 2370 procuranda,
1158 2296 1439 2369 elegantissimum

266 2412 352 2471 hunc
375 2426 508 2470 versum
531 2411 746 2482 relinquerem
769 2410 939 2484 intactum,
964 2424 1067 2481 neque
1091 2403 1225 2484 ἐδείμαθ’
1252 2410 1438 2486 scriberem,

266 2525 341 2597 quia
364 2524 411 2583 sic
434 2523 617 2583 restituitur
640 2523 770 2596 quidem
795 2523 1016 2598 augmentum,
1042 2522 1098 2581 sed
1122 2523 1210 2582 totus
1230 2539 1354 2599 versus,
1376 2523 1440 2582 nisi

266 2653 319 2696 me
349 2637 467 2696 fallunt
497 2652 601 2712 aures,
635 2635 859 2710 corrumpitur.
892 2635 1034 2710 Quatuor
1066 2636 1153 2696 enirn
1184 2637 1258 2698 illae
1286 2651 1439 2698 caesurae

266 2751 448 2810 trochaicae
472 2733 580 2810 nescio
604 2749 679 2823 quid
702 2750 796 2809 fracti
820 2751 940 2809 habent
963 2749 1178 2824 languidique.

312 2976 351 3034 21
384 2990 453 3050 sqq.
484 2973 662 3048 Descriptis
692 2973 827 3034 Eumaei
857 2973 984 3033 stabulo
1016 2976 1112 3046 atque
1140 2975 1250 3034 chorte
1274 2989 1441 3035 enumera-

266 3090 372 3164 tisque
396 3091 465 3150 eius
488 3090 588 3149 subus
608 3089 778 3162 additoque
799 3089 928 3149 illorum
948 3087 1004 3162 qui
1023 3090 1144 3163 optime
1164 3091 1332 3165 saginatus
1353 3095 1443 3153 esset

268 3220 396 3279 semper
420 3204 460 3264 ad
482 3218 596 3278 procos
619 3204 708 3264 mitti
731 3203 874 3279 solitum,
900 3203 947 3263 sic
969 3204 1075 3278 pergit
1096 3206 1208 3279 poeta:

445 3314 505 3396 πδιρ
531 3312 562 3376 δέ
585 3317 673 3388 κύνες
696 3316 821 3395 θήρεσσι
843 3314 1015 3388 δεδοικότες
1039 3313 1103 3376 αἰέν
1126 3318 1214 3379 ἴαυον

445 3429 590 3509 τέσσαρες,
613 3427 665 3502 οδς
690 3428 800 3509 ἔθρεψε
824 3429 959 3508 συβώτης
982 3427 1108 3509 ὄρχαμος
1132 3430 1259 3511 ἀνδρῶν·

447 3543 535 3618 αὐτὸς
559 3539 585 3603 δ’
613 3541 690 3620 ἀμφὶ
714 3542 854 3602 πόδεσσιν
877 3538 971 3603 ἕέοῖσ
997 3541 1135 3624 ἀράρισκε
1158 3543 1261 3606 πέδιλα

446 3658 566 3736 τάμνων
589 3656 682 3738 δέρμα
705 3655 804 3737 βόειον
828 3653 952 3736 ένχροές·
966 3659 996 3717 οἳ
1018 3653 1050 3717 δέ
1074 3657 1111 3736 δὴ
1135 3656 1218 3720 ἀλλοι

447 3768 545 3857 ᾤχοντ’
568 3770 689 3843 άλλνδις
711 3769 797 3843 ἀλλος
821 3767 866 3849 ἀμ’
894 3769 1082 3852 ἀγρομένοισι
1106 3774 1216 3852 σύεσσι,

449 3886 480 3947 ολ
500 3891 583 3966 τρεῖς·
607 3885 658 3946 τὸν
681 3882 713 3946 δέ
736 3882 871 3965 τέταρτον
895 3883 1081 3966 ἀποπροέηκε
1104 3886 1225 3948 πόλινδε

446 4008 503 4059 σύν
527 3997 633 4080 ἀγέμεν
657 4007 838 4079 μνηστῆρσιν
861 3998 1088 4080 ὑπερφιάλοισιν
1111 3999 1236 4087 ἀνάγκῃ,

448 4109 513 4195 ὄφρ’
539 4115 719 4194 ἱερεύσαντες
743 4112 857 4192 κρεάων
879 4113 1051 4194 κορεσαίατο
1074 4114 1184 4193 θυμόν.

314 4231 451 4290 Omnino
484 4245 558 4289 cum
590 4228 774 4289 Callistrato
805 4229 888 4288 facio
912 4244 1044 4288 versum
1069 4231 1110 4288 22
1135 4231 1278 4291 delente:
1303 4231 1441 4293 inseruit

268 4343 385 4416 aliquis
426 4343 481 4417 qui
516 4357 633 4402 canum
668 4357 842 4402 numerum
876 4344 1044 4417 pastorum
1079 4359 1214 4404 numero
1249 4346 1441 4420 respondere

271 4457 386 4531 vellet;
411 4457 622 4533 ineptissime,
648 4472 725 4515 nam
750 4457 1023 4529 quemadmodum
1047 4459 1135 4517 totus
1159 4458 1211 4518 hic
1230 4460 1320 4520 locus
1340 4460 1442 4540 docet,
