3310 5262
801 675 862 733 134

289 867 317 921 A
341 865 422 924 501:
470 862 597 945 δεξιτερῇ
623 857 656 920 δέ
680 854 978 938 1’ὑσ’ἀνθερεῶνος
1002 856 1109 919 ἑλοῦσα
1132 854 1188 917 nri.

288 979 401 1037 Latine
425 978 557 1037 dicitur:
585 978 753 1051 „mentum
777 975 847 1034 eius
866 975 1067 1049 prehendit.’'
1088 975 1206 1033 ideone
1227 974 1327 1032 etiam
1346 988 1420 1046 pro:

247 1091 370 1166 „filiurn
394 1091 433 1150 ad
457 1106 492 1150 se
517 1090 677 1149 traxit”
702 1088 864 1148 dicemus:
892 1086 1013 1162 „filium
1035 1087 1075 1147 ad
1095 1102 1130 1146 se
1149 1085 1423 1160 prehendii”?

289 1208 316 1262 E
340 1207 422 1265 353:
469 1201 523 1280 τὴν
547 1198 605 1282 ἄρα
629 1205 712 1281 Ρῖρις
737 1199 845 1261 ἑλοῦσα
868 1199 1036 1278 ποδήνεμος
1060 1194 1142 1281 ἔξαγ’
1170 1195 1284 1276 ὁμίλου.

289 1319 449 1378 Venerem
470 1334 489 1377 a
507 1316 662 1377 Diomede
680 1316 887 1377 vulneratam
906 1318 1060 1390 metuque
1075 1316 1325 1376 semimortuam
1336 1313 1424 1373 ulnis

245 1433 353 1492 attolit
376 1432 437 1490 Iris
461 1445 636 1503 secumque
660 1430 694 1488 in
718 1430 821 1489 altum
846 1430 965 1489 avehit.

289 1545 423 1605 Accedit
453 1544 536 1618 quod
567 1545 679 1603 nostro
703 1544 772 1603 loco
797 1543 875 1602 illud
899 1535 955 1601 εἷλε
978 1542 1031 1602 vel
1054 1539 1146 1621 ἀγκὰς
1169 1534 1226 1601 εἷλε
1249 1543 1315 1602 iam
1339 1543 1426 1602 inest

246 1660 278 1719 in
302 1659 370 1717 his:
396 1655 473 1734 ἀμφὶ
497 1653 529 1716 δὲ
553 1654 638 1716 παιδὶ
664 1656 740 1741 φίλῳ
761 1651 844 1735 ’βάλε
867 1655 963 1734 πήχεε.
989 1656 1085 1729 Sequi
1103 1657 1211 1731 potest
1234 1656 1353 1730 aliquid
1378 1656 1426 1714 1111

246 1774 330 1832 dicto
363 1773 546 1848 cognatum,
581 1773 637 1831 sed
668 1773 780 1830 tamen
807 1787 872 1831 non
895 1785 1027 1845 prorsus
1050 1770 1146 1829 idem.
1171 1769 1357 1832 Absurdum
1381 1770 1426 1828 sit

247 1887 365 1946 iterum
397 1886 469 1944 aliis
500 1885 607 1944 verbis
632 1885 752 1944 dicere:
781 1884 972 1960 „ampiexus
996 1899 1071 1943 eum
1095 1885 1177 1943 est.”
1204 1883 1285 1958 Quid
1312 1885 1425 1944 autem

244 2000 323 2059 illud
343 2000 417 2058 est?
438 1998 519 2073 Quid
539 1999 592 2072 qui
612 1998 708 2073 alicui
727 1999 794 2058 iam
814 1997 1013 2058 circumiecit
1032 1996 1172 2073 brachia,
1191 1997 1304 2057 deinde
1317 1997 1423 2057 eidem

244 2113 361 2173 iisdem
392 2113 532 2173 brachiis
563 2112 668 2172 tacere
699 2114 830 2187 potest?
861 2112 908 2172 Ne
940 2112 1074 2186 cogitari
1105 2111 1235 2184 quidem
1259 2111 1311 2170 hic
1334 2111 1422 2184 quid-

246 2244 344 2302 quam
375 2227 461 2286 aliud
491 2229 599 2301 potest
630 2243 727 2300 quarn
759 2227 835 2287 hoc:
870 2229 923 2303 „et
953 2226 993 2286 ad
1024 2241 1059 2285 se
1090 2225 1191 2285 traxit
1222 2226 1346 2285 illum”.
1379 2225 1424 2284 At

238 2342 346 2402 nimis
369 2341 550 2402 violentum
574 2356 645 2399 esse
669 2332 762 2398 εἷλκεν
786 2356 828 2399 ex
851 2341 911 2399 hoc
934 2356 1031 2399 versu
1055 2355 1207 2414 apparere
1231 2333 1354 2399 dicitis:

291 2459 320 2512 Λ
346 2455 409 2514 239
546 2445 611 2510 ε11κ’
640 2449 688 2510 ἐπὶ
710 2449 763 2511 foi
786 2451 903 2528 μεμαὼς
928 2452 968 2524 ὥς
990 2474 1020 2512 τε
1043 2453 1094 2524 λίς.

291 2568 405 2626 Omnis
435 2567 488 2626 hic
521 2567 684 2639 violentia·
707 2567 793 2626 inest
816 2568 850 2625 in
873 2568 1040 2642 participio
1067 2566 1184 2644 μεμαώς
1208 2569 1241 2627 et
1265 2568 1298 2626 in
1320 2567 1425 2627 leonis

246 2679 395 2755 imagine,
429 2695 506 2739 nam
537 2680 645 2753 ipsum
676 2680 812 2739 verbum
844 2677 936 2739 ἕλκειν
963 2681 1063 2740 nihilo
1087 2681 1160 2755 plus
1183 2655 1281 2741 habet
1303 2680 1425 2740 virium

246 2806 344 2864 quam
367 2792 521 2852 Latinum
547 2793 726 2869 „trahere”.
751 2794 791 2853 Et
810 2794 839 2853 si
859 2795 1001 2871 haberet,
1022 2795 1098 2855 huic
1116 2795 1185 2855 loco
1207 2798 1295 2854 esset
1307 2794 1424 2869 aptius.

247 2906 359 2965 Nonne
380 2906 467 2965 enim
487 2908 558 2982 ipsa
571 2908 689 2967 caritas
703 2909 874 2982 amplexus
887 2910 1023 2969 artiores
1035 2910 1140 2970 reddit
1152 2910 1424 2970 vehementiores-

246 3021 331 3094 que?
350 3021 462 3080 Nonne
482 3022 598 3082 simiae
610 3037 687 3082 suos
700 3023 817 3082 liberos
831 3011 941 3084 amore
954 3024 1111 3084 suffocare
1124 3024 1298 3084 dicuntur?
1311 3023 1372 3082 Sed
1385 3024 1423 3084 de

246 3135 363 3194 Laerta
382 3134 552 3195 robustum
569 3136 673 3196 filium
686 3137 895 3212 amplexante
908 3138 987 3198 nihil
1001 3138 1160 3198 eiusmodi
1173 3141 1224 3198 est
1235 3138 1423 3198 verendum.

290 3360 352 3419 397
378 3376 425 3433 sq.
452 3361 501 3420 Ad
524 3361 679 3434 Ulyssem
705 3363 843 3422 accurrit
867 3363 979 3422 Dolius
1003 3380 1105 3424 senex

913 3482 988 3555 χεῖρε
1012 3477 1158 3548 πετάσσας

403 3582 503 3664 ἄμφω,
521 3581 684 3664 Ὀδυσσῆος
708 3583 740 3645 δὲ
763 3585 864 3666 λαβὼν
882 3585 967 3649 ’κύσε
991 3585 1062 3669 χεῖρ’
1091 3587 1138 3649 ἐπὶ
1162 3601 1274 3672 καρπῷ.

291 3701 465 3775 Agnoscite
485 3700 632 3775 ineptum
653 3701 863 3777 imitatorem,
884 3703 939 3774 qui
960 3718 1034 3762 cum
1055 3704 1171 3763 alicubi
1190 3705 1305 3778 legerit
1318 3701 1424 3763 οὔτασε

248 3809 321 3893 χεῖρ’
358 3811 405 3874 ἐπὶ
435 3825 549 3898 καρπῷ,
580 3816 612 3874 et
643 3814 681 3874 de
712 3815 916 3891 saltantibus
949 3831 1050 3875 manu
1081 3817 1280 3893 ducentibus
1305 3834 1424 3878 manus

247 3929 383 3989 alicuius
406 3945 446 3989 ne
470 3930 553 3990 elabi
572 3930 625 3989 vel
648 3944 826 4002 repugnare
850 3929 953 4003 possit
976 3931 1265 4003 prehendentibus:
1291 3927 1419 4010 11εχει·ρ’

245 4039 292 4100 ἕκὶ
325 4051 439 4124 καρπῷ,
466 4044 640 4103 admodum
671 4042 733 4102 sibi
764 4043 894 4117 elegans
926 4043 1074 4103 videatur
1105 4059 1180 4104 cum
1210 4060 1343 4105 versum
1374 4046 1422 4107 sic

245 4157 374 4230 expleat
394 4149 500 4216 ’κύσε
524 4151 594 4236 χεῖρ’
622 4154 669 4216 ἐπὶ
693 4166 806 4240 καρπῷ.

285 4382 349 4440 478
385 4397 454 4456 sqq.
470 4408 474 4416 ·
490 4382 628 4456 Roganti
664 4381 835 4457 Minervae,
873 4383 948 4455 quid
979 4382 1049 4442 fieri
1080 4385 1161 4444 velit
1192 4387 1305 4445 exorto
1337 4387 1421 4447 bello

242 4495 395 4571 Ulyssem
421 4495 505 4556 inter
529 4498 562 4555 et
585 4512 756 4570 procorum
780 4499 943 4573 cognatos
969 4499 1142 4573 respondet
1165 4498 1305 4574 Iupiter:
