3270 5262
744 638 783 696 21

175 828 253 898 qued
273 829 347 887 tam
366 843 462 902 saepe
482 829 515 887 in
535 828 668 900 antiqua
687 827 777 901 poesi
796 827 886 901 opica
902 825 1142 901 fierividemus,
1156 827 1349 901 praesertim

175 939 205 996 in
236 941 393 1016 Odyssea,
426 943 463 1001 ut
489 941 523 1000 in
547 956 611 1000 una
635 940 742 1014 aliqua
764 940 880 999 vocula
903 941 1059 1000 haereant
1081 939 1143 999 viri
1166 940 1252 999 docti
1276 956 1350 999 eum

174 1055 260 1113 tetus
292 1056 393 1131 loeus,
426 1057 480 1115 ubi
511 1056 567 1114 illa
596 1056 723 1130 legitur,
749 1055 794 1115 011
815 1055 1051 1129 ineptissimus.
1075 1056 1136 1114 Pro
1159 1056 1350 1129 pronomine

174 1168 259 1227 enim
292 1169 327 1228 οῖ’
352 1171 458 1244 aliquo
489 1170 608 1244 scripte
640 1169 804 1244 vocabule,
834 1169 918 1242 quod
941 1170 1059 1228 melius
1085 1170 1216 1229 veritati
1238 1169 1349 1243 reique

173 1280 209 1340 de
240 1298 307 1355 qua
338 1285 443 1358 agitur
474 1285 654 1360 conveniat,
687 1283 761 1357 quid
792 1283 973 1358 prefectum
997 1285 1081 1343 erit?
1106 1285 1232 1344 Sanane
1255 1285 1350 1344 erunt

173 1396 304 1456 cetera?
335 1397 441 1457 Immo
471 1413 548 1457 vero
579 1397 714 1456 restabit
742 1396 774 1456 id
797 1397 880 1470 quod
903 1397 998 1471 lenge
1021 1397 1264 1472 ineptissimum
1288 1399 1347 1456 est.

171 1507 215 1567 Dc
246 1511 436 1571 calamitate
467 1527 530 1585 qua
560 1512 631 1586 ipsa
661 1514 712 1571 est
743 1512 863 1571 afflicta
893 1512 1045 1572 Laertem
1076 1511 1248 1571 certiorem
1278 1510 1347 1571 fieri

172 1621 241 1683 vult
273 1625 433 1699 Penelope
464 1624 488 1684 εἰ
513 1623 550 1701 δή
574 1626 697 1684 noas..
723 1626 818 1698 sequi
842 1641 928 1684 nunc
951 1625 1045 1684 debet
1068 1625 1099 1684 id
1123 1625 1206 1698 qued
1230 1625 1269 1684 ab
1295 1625 1349 1684 1110

172 1739 307 1799 consilio
332 1739 500 1814 exspectat
523 1740 628 1800 tristis
652 1740 778 1800 mulier.
805 1741 954 1813 Sequitur
978 1741 1109 1799 autem:

322 1851 358 1922 (εἰ
379 1853 416 1930 δή
441 1853 511 1924 πού)
535 1875 600 1912 τινα
624 1850 720 1925 κεῖνος
745 1849 788 1912 ἐνὶ
812 1849 898 1929 φρεσὶ
922 1860 1008 1929 μῆτιν
1031 1849 1216 1928 dativae...

215 1967 289 2025 Iam
313 1966 373 2026 hee
395 1969 542 2042 ineptum
566 1983 685 2027 asena
709 1967 870 2042 decrepite
895 1967 1047 2026 callidum
1072 1966 1199 2039 aliquod
1220 1981 1349 2041 exspec-

171 2080 240 2138 tare
272 2081 436 2140 malorum
466 2082 656 2156 remedium,
689 2081 772 2154 quod
803 2081 865 2154 ipsi
896 2079 1025 2139 mulieri
1048 2079 1195 2139 omnium
1219 2081 1350 2139 astutis·

172 2193 277 2253 simae
309 2195 342 2253 in
369 2196 515 2254 mentem
538 2196 648 2254 venire
673 2210 737 2254 nen
759 2194 872 2268 possit.
897 2193 1018 2252 Verum
1043 2192 1257 2252 concedamus
1280 2191 1351 2253 fieri

171 2321 267 2379 posse
299 2309 335 2368 ut
362 2325 464 2368 senex
487 2309 651 2382 excogitet
673 2308 705 2367 id
729 2308 813 2382 qued
837 2308 978 2367 iuniores
1001 2305 1105 2380 fugiat
1128 2321 1251 2365 01111100.
1276 2307 1351 2380 Ipsa

172 2421 261 2482 addit
292 2423 450 2496 Penelope
481 2423 662 2482 cuiusmodi
688 2422 767 2481 illud
791 2421 962 2481 eonsilium
986 2421 1031 2479 sit
1053 2421 1209 2480 futurum.
1235 2419 1350 2494 Quidni

172 2549 246 2608 erge
271 2536 379 2609 petius
403 2552 478 2596 eum
498 2536 585 2595 illius
605 2536 758 2595 admonet
777 2551 817 2594 ne
837 2535 920 2594 10110
940 2534 1042 2593 0011110
1062 2534 1229 2607 ingenium
1248 2532 1351 2608 fingat

172 2645 293 2721 aliquid
325 2651 406 2723 qued
438 2650 541 2709 multo
572 2649 682 2708 minus
713 2650 757 2708 sit
787 2648 890 2709 utile?
922 2648 991 2706 Hec
1018 2663 1145 2721 quoque
1168 2648 1350 2723 mittamus,

172 2759 210 2818 de
234 2762 306 2836 ipse
326 2763 495 2822 videamus
516 2763 666 2822 consilio:
688 2759 792 2833 ἔξεισιν
812 2757 827 2819 ὁ
847 2757 951 2839 γέρων,
971 2776 988 2820 0
1005 2760 1119 2820 villula
1131 2776 1190 2820 sua
1202 2762 1350 2834 prodibit.

172 2873 251 2935 Mira
275 2876 382 2935 hercle
407 2877 582 2937 calliditas!
608 2876 648 2936 Et
671 2876 841 2950 populares
862 2875 1042 2935 obsecrabit
1063 2875 1350 2949 obtestabiturque.

172 2985 218 3046 lin
242 2989 386 3064 lepidum
410 2991 581 3050 inventum
603 2990 734 3064 Ulyssis
757 2991 848 3064 patre
872 2990 1023 3063 dignuml
1048 2989 1120 3048 Non
1139 3005 1215 3063 erge
1235 2991 1270 3048 in·
1288 3005 1351 3049 uno

172 3102 329 3163 vocabulo
353 3103 386 3162 οἴ
405 3103 523 3164 vitium
546 3105 632 3163 inest
655 3105 712 3164 sed
735 3105 802 3163 tres
822 3118 938 3162 versus
961 3103 1158 3173 (iae-741)
1180 3103 1352 3164 insanabili

172 3212 322 3276 laborant
355 3218 476 3293 morbo,
513 3220 624 3292 utpote
659 3218 717 3277 sub
754 3217 944 3276 tristissime
979 3216 1048 3276 nati
1079 3217 1201 3276 sidere:
1234 3214 1353 3275 effutiit

174 3328 261 3389 enim
293 3345 348 3390 eos
379 3331 498 3391 sciolus
529 3333 584 3404 qui
617 3332 788 3392 contentus
818 3347 883 3391 11011
915 3331 1004 3389 00001
1030 3330 1071 3388 110
1094 3345 1176 3402 quae
1200 3331 1352 3404 antiquus
1403 3331 1406 3340 ’

174 3443 267 3502 vates
287 3443 428 3504 dederat.
450 3445 507 3504 1110
528 3447 640 3504 10111011
659 3445 911 3519 prudentissime
931 3445 964 3503 in
984 3441 1082 3502 verbe
1098 3439 1239 3524 καταλέξῃ
1252 3441 1351 3502 finem

174 3552 257 3631 iecit,
293 3557 418 3630 sibique
449 3559 738 3632 persuasissimum
769 3557 883 3617 habuit
913 3556 1078 3615 neminem
1109 3555 1176 3614 iam
1207 3555 1275 3615 fere
1299 3557 1353 3628 qui

177 3670 349 3742 quidquam
390 3670 596 3732 desideraret.
639 3672 708 3731 Hoc
750 3671 838 3731 enim
880 3671 1011 3744 accepte
1053 3669 1166 3761 nuntio
1209 3670 1351 3745 Laertes,

177 3783 326 3852 quamvis
358 3784 402 3843 sit
433 3785 503 3844 eius
534 3801 628 3844 mens
660 3785 753 3845 annis
780 3785 881 3859 tarda,
907 3785 1020 3843 tamen
1043 3783 1157 3843 statim
1181 3783 1354 3857 perspiciet

178 3897 251 3966 quid
282 3897 333 3954 sui
362 3896 508 3957 sitieris
532 3898 707 3972 officiique:
733 3914 807 3957 curn
831 3899 918 3957 enim
943 3897 1058 3957 abierit
1080 3912 1184 3970 neque
1207 3911 1352 3969 unquam

178 4007 218 4067 011
249 4024 439 4069 reversurus
470 4010 557 4071 filius
587 4014 621 4071 et
651 4011 777 4072 eccisus
808 4027 917 4086 nepos,
950 4011 1019 4085 ipse
1047 4011 1113 4071 iam
1138 4011 1226 4069 selus
1250 4011 1353 4069 restat

178 4123 229 4194 qui
260 4124 427 4197 prehibeat
451 4126 624 4198 queminus
648 4125 706 4184 filii
728 4125 813 4185 bena
836 4141 974 4198 cumque
998 4124 1062 4185 illis
1086 4139 1263 4184 uxorema
1285 4122 1351 4183 filio

179 4234 264 4295 domi
287 4237 434 4297 relictam
457 4239 546 4312 proci
569 4239 705 4313 rapiant.
731 4238 791 4313 Qui
814 4239 843 4297 si
866 4239 959 4298 illum
984 4254 1048 4298 11011
1069 4238 1212 4298 curarint
1230 4237 1351 4311 gravis·

178 4351 261 4410 sima
291 4366 326 4410 se
350 4352 554 4426 alligaverint
578 4353 680 4428 culpa,
705 4367 808 4427 neque
832 4367 981 4412 recusare
1004 4354 1155 4427 poterunt
1178 4351 1352 4425 quominus

178 4461 285 4546 legum
306 4465 587 4546 impudentissime
607 4466 804 4529 violatarum
823 4465 928 4525 iustas
948 4467 1024 4527 dent
1043 4481 1173 4546 poenas.
1188 4465 1249 4528 Sed
1261 4464 1350 4529 selus
