3270 5262
752 701 770 758 3

169 906 309 964 quorum
328 905 448 949 manus
467 889 539 948 libri
559 888 597 948 de
618 889 687 947 arte
708 889 820 947 nostra
837 887 995 963 venirent,
1009 887 1043 946 in
1055 886 1200 962 ipsorum
1212 904 1348 948 numero

168 1021 269 1065 unum
296 1020 369 1064 esse
394 1005 632 1078 cognoscerent,
658 1003 713 1076 qui
737 1003 890 1062 Vestram
913 1001 1108 1062 industriam
1131 1003 1348 1077 Vestrumque

168 1135 308 1179 acumen
343 1119 471 1194 publico
502 1118 608 1192 aliquo
639 1117 808 1191 praeconio
841 1117 937 1190 digna
967 1117 1132 1176 iudicaret.
1164 1117 1235 1176 Non
1265 1116 1349 1190 quod

168 1249 282 1292 meum
307 1233 391 1292 mihi
414 1232 569 1292 iudicium
596 1233 707 1306 magni
730 1231 894 1292 videretur
917 1233 1086 1308 momenti,
1111 1232 1168 1292 sed
1190 1232 1277 1292 laeta
1296 1249 1349 1293 1111

168 1362 243 1422 spes
269 1347 404 1407 tenebat
428 1347 495 1406 iore
518 1349 555 1406 ut
577 1347 673 1405 multi
697 1361 716 1405 a
738 1362 792 1405 me
816 1347 973 1407 admoniti
993 1363 1123 1408 mecum
1143 1348 1229 1407 111111
1249 1349 1349 1408 11111-

168 1463 291 1520 rarent.
326 1460 388 1535 Sic,
421 1460 475 1519 ubi
506 1460 619 1534 ingens
651 1460 746 1519 alicui
769 1459 885 1520 artifici
908 1462 1041 1536 plausus
1064 1463 1198 1538 tollitur,
1224 1464 1263 1522 ab
1287 1479 1350 1522 1111

168 1575 285 1634 tamen
310 1572 348 1634 fit
372 1573 512 1633 initium.

212 1688 326 1762 Atque
350 1688 520 1761 sperabam
543 1688 696 1748 utilitatis
720 1688 840 1762 aliquid
860 1690 893 1748 in
912 1706 986 1749 meo
1006 1691 1153 1750 futurum
1172 1690 1264 1768 dono,
1286 1707 1350 1751 non

168 1803 239 1861 tam
272 1801 375 1861 Vobis
401 1817 500 1874 quarn
523 1802 605 1862 mihi
628 1803 807 1877 ceterisque
830 1804 896 1863 mei
919 1804 1042 1864 moduli
1064 1804 1246 1879 philologis,
1271 1804 1350 1864 Meis

170 1918 260 1976 enim
298 1915 552 1977 dubitationibus
586 1918 783 1991 proferendis
814 1918 965 1978 Vestram
996 1922 1230 1993 provocaturus
1261 1934 1351 1978 eram

170 2031 392 2105 sententiam;
418 2047 555 2106 cumque
574 2048 670 2092 nemo
690 2034 760 2092 tam
780 2033 823 2092 sit
842 2034 1043 2092 verecundus
1062 2034 1140 2107 quin
1159 2048 1352 2108 persuasum

170 2147 233 2205 sibi
270 2146 400 2221 habeat,
436 2148 490 2206 ubi
525 2148 593 2222 ipse
627 2148 760 2206 haereat
794 2147 837 2206 ibi
869 2150 902 2207 et
932 2147 1012 2207 alios
1042 2148 1094 2208 vel
1125 2149 1271 2208 haesisse
1302 2147 1354 2206 vel

170 2261 334 2320 haesuros
369 2276 450 2336 esse,
486 2277 560 2322 mea
595 2278 720 2336 quoque
755 2278 850 2337 opera
885 2263 967 2322 effici
997 2278 1092 2338 posse
1122 2265 1159 2322 ut
1190 2262 1354 2336 Odysseae

170 2373 312 2435 Vestrae
344 2389 429 2434 nova
460 2374 556 2434 editio
589 2409 629 2418 —
661 2375 1354 2436 11111111111111111111111111111111111

172 2503 304 2562 quoque
335 2488 520 2562 propediem
551 2492 740 2562 exspectare
771 2489 864 2548 nobis
895 2491 1104 2564 permittebat
1133 2489 1355 2550 -tironibus

172 2605 262 2662 11111
287 2601 396 2674 magis
419 2603 520 2662 1111111
543 2619 641 2677 quarn
666 2619 704 2663 ea
723 2619 821 2677 quarn
841 2620 927 2663 nunc
946 2605 1097 2664 manibus
1117 2607 1268 2664 tenemus
1287 2619 1354 2678 pro·

174 2715 288 2776 desset
309 2715 504 2776 arbitrabar:
525 2718 584 2776 hos
605 2717 692 2777 enirn
713 2733 788 2777 cum
809 2733 926 2791 magno
947 2733 1005 2778 suo
1019 2719 1238 2777 emolumento
1252 2717 1355 2790 cogni-

173 2833 269 2892 turos
301 2830 417 2903 quibus
448 2832 649 2905 argumentis
680 2833 768 2891 ducti
799 2832 864 2892 Vos
897 2867 937 2874 —
970 2833 998 2892 si
1029 2833 1124 2892 modo
1155 2833 1187 2892 id
1210 2834 1356 2892 futurum

175 2948 267 3006 esset
295 2977 335 2988 —
361 2945 394 3003 in
417 2961 527 3006 meam
550 2947 672 3006 iissetis
695 2947 903 3023 sententiam,
930 2947 1045 3020 quibus
1069 2963 1123 3007 me
1147 2945 1358 3006 refellendum

176 3075 250 3120 esse
277 3059 488 3120 statuissetis.

225 3173 405 3249 „Inchoat”
430 3174 541 3232 autem
567 3189 606 3249 „a
629 3189 664 3234 se
688 3174 743 3247 qui
766 3177 852 3234 recte
876 3175 947 3233 vult
971 3189 1043 3234 1111
1066 3175 1256 3248 benignus”
1281 3173 1359 3232 Mihi

177 3288 241 3362 ipsi
267 3287 401 3345 huiusce
426 3286 499 3346 doni
523 3287 723 3348 uberrimum
746 3287 1359 3362 11111111111111111111111.(1111111111

178 3401 235 3477 illi,
273 3399 327 3474 qui
351 3415 410 3460 sua
434 3403 619 3460 commenta
642 3401 675 3460 in
699 3403 806 3460 1111111
834 3403 956 3462 emittit
983 3402 1116 3477 gratioe,
1145 3401 1220 3475 quid
1247 3401 1360 3460 utilius

179 3529 281 3588 quam
313 3513 426 3572 statim
450 3513 571 3574 iudices
594 3516 738 3575 nancisci
762 3518 795 3574 et
818 3514 950 3575 idoneos
974 3518 1007 3576 11
1030 3517 1172 3588 aequos?
1195 3514 1241 3574 De
1264 3513 1360 3573 rebus

181 3632 295 3689 autem
327 3629 367 3686 ad
398 3628 578 3689 Homerum
608 3630 846 3703 pertinentibus
877 3645 997 3704 paucos
1027 3632 1096 3690 tarn
1127 3627 1258 3688 idoneos
1289 3643 1361 3686 esse

181 3744 307 3804 iudices
338 3758 435 3816 quarn
467 3744 532 3803 Vos
564 3745 666 3820 crede,
700 3747 869 3817 aequiores
899 3761 1060 3820 nusquam
1091 3745 1124 3803 in
1155 3745 1266 3802 nostra
1292 3743 1361 3800 arte

182 3858 307 3917 iudices
339 3860 468 3933 exstare
497 3860 684 3920 111111111.
709 3859 857 3919 Profecto
882 3876 946 3920 non
969 3861 992 3920 11
1014 3860 1080 3918 Vos
1103 3859 1192 3932 estis,
1218 3858 1272 3930 qui
1296 3856 1361 3915 alto

182 3971 355 4046 supercilio
386 3973 492 4032 aliena
522 3973 744 4034 condemnetis
777 3975 966 4034 conamina:
990 3990 1055 4033 non
1078 3973 1143 4033 Vos
1165 3971 1361 4031 leviusculos

183 4100 310 4146 errores
344 4087 488 4146 studiose
522 4087 728 4161 protrahitis:
765 4088 818 4147 vel
852 4089 1018 4161 graviores
1052 4086 1180 4148 silentio
1212 4086 1362 4158 obtegere

184 4216 285 4274 quarn
316 4201 457 4273 graviter
480 4203 695 4274 perstringere
719 4202 886 4261 mavultis
912 4202 994 4276 Ergo
1018 4203 1095 4261 dum
1119 4217 1173 4261 me
1197 4200 1360 4273 docebitis

185 4313 286 4373 simul
310 4315 481 4385 quominus
506 4315 641 4388 maligni
665 4314 811 4373 libellum
835 4331 947 4375 meum
971 4316 1082 4375 rodere
1106 4316 1158 4374 vel
1183 4315 1362 4387 discerpere

186 4427 315 4503 possint
338 4429 556 4501 prohibebitis

235 4540 317 4598 Sunt
336 4543 445 4600 autern
470 4543 734 4602 observationum
759 4559 906 4603 mearum
930 4545 1011 4604 haec
1033 4545 1100 4603 fere
1123 4561 1250 4618 genera.
1272 4545 1363 4604 Modo
