3284 5260
837 661 874 716 111

265 848 361 920 atque
391 847 452 907 hoo
482 847 574 907 vobis
605 848 757 922 probatur
788 848 903 922 magis.
935 849 1013 908 Mihi
1044 863 1119 908 vero
1151 847 1438 922 persuasissimum

266 963 317 1020 est
339 963 491 1020 neutrum
514 977 629 1021 verum
653 977 725 1022 1111
748 977 852 1036 posse.
877 962 940 1022 Ubi
960 963 1048 1022 enim
1067 965 1155 1038 μοῖρα
1176 962 1292 1021 dieitur
1313 960 1438 1020 efficere

265 1075 302 1132 ut
330 1074 446 1147 aliquis
478 1072 588 1156 δαμήῃ,
617 1091 681 1134 non
704 1090 837 1149 possum
862 1091 926 1134 non
950 1076 1091 1149 cogitare
1115 1075 1153 1134 de
1177 1075 1284 1148 aliquo
1308 1074 1439 1133 homine

266 1186 373 1246 diem
404 1202 644 1261 supremum
675 1188 865 1263 obeunte,
898 1203 998 1261 eaque
1023 1188 1186 1247 sententia
1210 1189 1280 1246 tarn
1302 1186 1439 1246 firmiter

265 1315 300 1359 se
335 1300 416 1359 mihi
450 1300 600 1376 obtrudit,
636 1304 673 1360 ut
707 1302 761 1374 qui
796 1302 889 1361 aliter
920 1301 1019 1362 verba
1049 1302 1104 1360 illa
1135 1301 1272 1376 accipiat
1302 1299 1439 1360 orationi

265 1413 457 1473 Homericae
487 1414 557 1473 vim
587 1415 692 1474 faeere
716 1415 872 1475 videatur.
898 1414 979 1474 Cum
1003 1415 1167 1475 Nitzsehio
1192 1431 1267 1489 ergo
1291 1416 1329 1474 de
1354 1430 1438 1474 oan-

265 1530 356 1586 tere
387 1543 519 1586 versum
550 1528 680 1603 accipie.
705 1527 803 1588 Cuius
827 1529 989 1589 sententia
1012 1529 1120 1588 neseio
1145 1545 1186 1588 an
1209 1528 1314 1602 magis
1339 1528 1439 1588 etiam

265 1657 363 1714 quam
394 1642 434 1700 iis
465 1658 546 1715 quae
577 1643 734 1702 haetenus
765 1643 909 1702 diximus
933 1643 993 1703 hoc
1016 1641 1224 1702 confirmetur
1248 1645 1439 1716 argumento

265 1755 349 1827 quod
372 1757 541 1827 tamquam
564 1756 675 1814 avium
698 1756 817 1830 praeda
839 1756 1026 1829 relinqui
1050 1758 1158 1830 potest
1181 1771 1276 1816 nemo
1300 1755 1438 1828 quinon

265 1869 354 1942 prius
385 1869 428 1927 sit
458 1869 546 1928 fato
578 1869 761 1929 functus.
794 1868 967 1929 Cantorem
998 1871 1109 1929 autem
1140 1869 1225 1928 diem
1250 1883 1438 1942 supremum
1481 1953 1483 1956 ι

265 1981 383 2040 obiisse
407 1997 568 2054 nusquam
591 1983 752 2056 legeretur
774 1983 803 2040 11
827 1983 878 2041 vel
902 1983 1079 2056 Aegisthus
1103 1983 1154 2042 vel
1179 1981 1439 2056 Clytaemnestra

265 2095 319 2154 illo
351 2117 401 2168 μιν
432 2094 677 2169 significaretur.
710 2097 747 2154 ln
778 2096 914 2155 subiecti
946 2099 1057 2156 autem
1081 2096 1261 2156 mutatione
1284 2094 1365 2154 nihil
1389 2095 1440 2153 est

265 2210 348 2282 quod
370 2208 527 2267 Nitzsehii
552 2209 679 2269 refellat
701 2209 1010 2285 interpretationem,
1036 2210 1196 2282 siquidem
1219 2211 1293 2283 post
1313 2210 1438 2268 senten-

265 2323 346 2381 tiam
370 2322 462 2382 illam
485 2323 656 2382 relativam

938 2430 961 2519 ᾧ
983 2432 1063 2496 πόλλ’
1089 2433 1217 2496 ἐπέτελλε

499 2548 643 2626 Ἀτρεΐδης
669 2548 813 2627 Τροίηνδε
835 2547 908 2608 κιὼν
933 2549 1073 2629 εἰρῦσθαι
1096 2547 1217 2611 ἄκοιτιν.

265 2663 318 2736 qui
343 2679 432 2722 eum
455 2664 535 2738 legit
557 2665 624 2724 sato
647 2664 804 2738 functum,
836 2681 900 2723 non
924 2667 1031 2739 petest
1055 2682 1119 2725 non
1143 2666 1181 2725 de
1205 2665 1274 2740 ipso
1299 2663 1439 2737 cogitare

266 2779 404 2852 cantore,
441 2778 495 2850 qui
530 2778 640 2836 satis
676 2778 744 2836 diu
778 2778 927 2852 Aegisthi
961 2779 1124 2838 obstiterit
1158 2779 1294 2840 insidiis.
1331 2781 1439 2853 Neque
1485 2817 1488 2820 -

266 2889 336 2962 quis
368 2893 534 2949 mortuum
566 2907 641 2949 eum
671 2892 705 2949 in
735 2891 876 2951 insulam
908 2893 1056 2952 avexerit
1087 2893 1193 2966 ibique
1217 2893 1438 2954 dilaniandum

264 3003 429 3076 reliquerit
449 3004 579 3063 alitibus
600 3005 770 3078 quisquam
791 3005 950 3065 dubitabit
972 2998 1002 3074 ¹).
1023 3005 1063 3065 Et
1082 3007 1166 3079 quod
1187 3023 1245 3066 vos
1262 3007 1439 3067 molestum

266 3132 337 3176 esse
362 3117 467 3176 dicitis
491 3116 542 3176 τὸν
566 3114 670 3175 1101110
692 3134 740 3177 va.
768 3120 840 3193 270,
866 3118 897 3177 id
922 3118 1003 3176 mihi
1022 3118 1260 3192 lepidissimum
1281 3119 1438 3180 venustis·

265 3231 449 3303 simumque
473 3232 609 3291 videtur.
634 3232 702 3290 Ista
726 3232 813 3291 enim
837 3232 951 3291 obiecti
975 3233 1166 3305 repetitione
1186 3234 1312 3308 egregie
1332 3233 1438 3307 depin-

265 3346 351 3418 gitur
393 3344 483 3418 impii
525 3345 656 3417 tyranni
690 3344 868 3419 temeritas,
913 3345 966 3417 qui
1006 3346 1182 3406 molestum
1217 3347 1438 3406 adversarium

265 3460 491 3532 exspectatum
523 3459 631 3518 eiiciat
660 3458 755 3533 foras,
789 3461 821 3518 et
852 3459 984 3519 tandem
1012 3459 1183 3532 aliquando
1207 3459 1261 3518 illo
1284 3460 1440 3519 liberatus

265 3589 305 3630 ne
329 3589 455 3632 moram
479 3573 609 3645 quidem
633 3572 709 3630 iusti
733 3572 855 3632 funeris
879 3572 961 3630 serre
985 3573 1097 3645 possit.

294 3789 308 3839 ¹)
331 3788 393 3831 Rem
417 3787 533 3830 versione
560 3785 650 3828 Latina
670 3785 813 3829 illustrabo:
844 3785 1058 3841 „Clytaemnestra
1080 3788 1190 3841 primum
1212 3789 1336 3842 corrumpi
1358 3799 1386 3832 11
1408 3789 1439 3832 ab

264 3853 388 3906 Aegistho
409 3863 485 3906 passa
507 3862 556 3894 non
579 3852 630 3894 est:
650 3862 730 3902 neque
749 3852 816 3894 enim
831 3851 887 3905 ipsa
901 3852 973 3904 pravi
987 3855 1041 3895 1111
1056 3853 1150 3906 ingenii
1164 3855 1191 3896 et
1204 3865 1301 3907 semper
1315 3854 1337 3897 ei
1353 3852 1441 3897 aderat

265 3921 357 3974 cantor,
372 3919 443 3962 cuius
453 3907 514 3960 'fidei
527 3917 558 3960 ab
571 3917 940 3970 Agamemnoneproiiciscente
948 3917 1030 3960 fuerat
1038 3919 1184 3962 concredita.
1199 3919 1289 3974 Quem
1305 3919 1439 3972 postquam

265 3984 345 4028 latum
368 3983 471 4027 demisit
491 3984 558 4034 0110,
578 3981 604 4025 in
627 3982 737 4026 insulam
757 3983 882 4028 desertam
897 3985 1023 4027 cantorem
1038 3984 1134 4028 istum
1152 3985 1207 4034 (hoo
1221 3987 1287 4029 enim
1303 3985 1382 4029 estin
1396 3985 1440 4029 illo

265 4054 313 4103 τόν)
327 4052 414 4096 avexit
428 4051 510 4101 ibique
525 4047 696 4092 dilaniandum
711 4049 813 4102 reliquit
828 4051 927 4094 avibus:
943 4051 998 4094 tum
1013 4049 1082 4094 nullo
1096 4051 1196 4105 negotio
1212 4052 1438 4105 Clytaemnestram

265 4130 367 4164 uxorem
390 4117 481 4161 duxit.'‘
504 4117 563 4172 Quis
583 4116 624 4158 hie
646 4117 675 4159 de
697 4117 831 4159 verborum
852 4117 977 4162 dubitabit
998 4117 1134 4161 sublectis?
1149 4118 1207 4174 Quis
1223 4118 1369 4172 impeditam
1385 4130 1438 4162 sen-

264 4186 359 4230 tentiae
374 4186 526 4229 structuram
542 4185 675 4235 queretur?
