3270 5262
758 621 798 679 25

180 807 390 865 somniorum
421 810 537 866 natura
567 808 647 877 certi
677 806 757 865 nihil
789 807 932 865 statuere
962 805 1054 864 licet:
1087 805 1157 878 ipsa
1187 804 1363 878 Penelopes

179 919 285 978 verba
313 919 447 980 mirifice
472 923 555 981 inter
578 936 614 980 se
638 922 772 980 certant.
799 919 875 994 Quis
899 920 987 978 enirn
1011 918 1109 976 simul
1132 919 1210 977 deus
1234 933 1307 977 esse
1331 920 1363 976 et

179 1030 231 1090 dei
264 1034 421 1093 nuntium
449 1035 589 1108 perferre
616 1035 747 1108 potest?
771 1033 833 1092 Hic
856 1033 938 1090 mihi
961 1031 1107 1091 Mercurii
1130 1031 1287 1103 Iridisque
1311 1046 1361 1105 op-

177 1161 305 1218 ponere
343 1147 476 1206 nomina
511 1148 628 1207 nolite:
664 1147 693 1206 si
728 1147 815 1205 enim
850 1145 1008 1218 Penelope
1043 1159 1157 1203 verum
1193 1159 1264 1202 esse
1299 1160 1363 1203 non

178 1259 287 1319 credit
311 1260 389 1319 illud

409 1371 529 1445 Παλλὰς
555 1373 710 1450 Ἀθηναίη,

408 1482 427 1564 ἢ
451 1494 508 1545 νῦν
531 1508 566 1564 με
589 1483 716 1565 προέηκε
739 1485 799 1545 τεῒν
822 1467 893 1545 τάδε
916 1485 1115 1563 μυθήσασθαι

176 1599 302 1674 ipsam,
347 1602 383 1658 ut
418 1602 538 1676 opinor,
576 1602 754 1660 Minervam
790 1601 903 1660 adesse
938 1601 1129 1675 suspicatur,
1166 1615 1230 1659 non
1265 1600 1363 1659 aliam

176 1715 350 1786 quandam
381 1716 485 1774 deam.
518 1715 589 1790 Sed,
622 1715 653 1773 id
685 1714 768 1787 quod
800 1714 867 1772 iarn
899 1714 1054 1789 dicebam,
1087 1714 1195 1773 nulius
1227 1713 1278 1772 hic
1306 1713 1362 1772 tali

176 1827 362 1901 suspicioni
392 1830 482 1887 locus
512 1829 578 1901 cst;
611 1829 747 1887 minime
777 1843 854 1886 vero
886 1843 959 1886 eam
989 1828 1035 1886 ita
1063 1827 1266 1886 enuntiatam
1296 1827 1363 1887 fero

176 1941 278 2013 quasi
300 1941 465 2000 somnium
484 1942 592 2015 ipsum
613 1941 742 2000 disertis
762 1939 869 2000 verbis
882 1941 977 1999 deam
989 1955 1024 1998 se
1037 1953 1109 1998 esse
1122 1938 1362 2012 significaverit.

175 2055 314 2113 Etenim
346 2053 372 2112 εἰ
402 2049 454 2130 μὲν
487 2053 524 2130 δὴ
555 2051 628 2124 θεός
660 2051 720 2112 ἐσσι
748 2053 828 2112 nihii
852 2052 938 2111 aliud
963 2053 1013 2111 est
1036 2067 1150 2124 quam:
1177 2053 1226 2125 „si
1248 2068 1364 2111 verum

176 2170 231 2228 est
259 2169 344 2240 quod
368 2169 404 2227 tu
428 2168 540 2227 dixisti
564 2169 659 2228 deam
679 2170 711 2228 16
732 2168 836 2228 esse.”
858 2167 957 2226 Credo
979 2182 1053 2241 ergo
1074 2167 1152 2226 olim
1171 2167 1224 2225 hic
1242 2166 1364 2225 lectum

177 2281 307 2354 aliquid
338 2281 439 2340 fuisse
471 2282 504 2341 in
534 2275 618 2340 hanc
649 2282 864 2341 sententiam:
893 2281 940 2354 ,si
964 2295 1077 2339 revera
1101 2281 1156 2340 iila
1179 2280 1364 2354 (Iphthime)

178 2411 216 2453 es
252 2396 288 2453 61
319 2395 396 2454 deae
427 2395 582 2455 audivisti
608 2396 739 2455 verba.'’
763 2397 838 2469 Aut,
865 2395 894 2453 si
917 2396 1028 2454 tamen
1052 2395 1226 2454 contendat
1248 2394 1364 2466 aliquis

177 2507 288 2566 latere
316 2507 367 2566 hic
392 2509 553 2580 quandam
576 2508 743 2582 prudentis
767 2508 914 2567 mulieris
939 2509 976 2567 de
999 2509 1111 2567 fraude
1135 2508 1361 2582 suspicionem,

179 2620 259 2679 illa:
296 2620 375 2695 ,dea
406 2622 461 2680 es'’
495 2624 528 2681 61
557 2621 654 2697 ,deae
677 2637 792 2681 vocem
817 2621 957 2681 audisti’
983 2621 1022 2680 di
1056 2622 1248 2681 iunctive
1273 2623 1365 2681 erant

180 2734 396 2809 enuntianda,
428 2750 493 2794 non
523 2736 682 2809 particula
711 2757 740 2794 τε
772 2736 856 2795 inter
888 2752 923 2795 se
955 2737 1126 2809 iungenda.
1151 2736 1275 2795 Videtis
1298 2736 1365 2794 iarn

180 2863 251 2923 me,
285 2848 362 2906 dum
393 2848 542 2923 scribam,
575 2849 759 2922 opinionem
788 2849 826 2907 de
849 2850 951 2922 ipsius
974 2850 1088 2923 poetae
1112 2865 1218 2908 errore
1241 2849 1365 2920 sensim

180 2961 348 3020 omisisse.
373 2961 434 3021 Sed
458 2961 582 3021 nullam
606 2978 747 3037 propono
772 2963 1000 3022 coniecturam.
1044 2969 1046 2973 “

231 3187 298 3247 844
322 3203 390 3260 sqq.
432 3185 490 3246 ita
514 3186 546 3247 δέ
568 3210 613 3262 τις,
634 3197 724 3266 νῆσος
746 3186 837 3272 μέσση
863 3186 910 3248 ἁλὶ
934 3188 1096 3268 πετρήεσσα

432 3303 578 3381 μεσσηγὺς
599 3298 721 3380 Ἰθάκης
745 3325 774 3363 τε
796 3303 913 3381 Σάμοιό
938 3326 967 3363 τε
991 3303 1220 3382 παιπαλοέσσης,

431 3413 564 3494 arrepta,
587 3415 622 3476 οὐ
648 3417 765 3496 μεγάλη·
791 3415 904 3495 λιμένες
929 3413 959 3477 δ’
986 3417 1029 3476 ἔνι
1052 3419 1193 3496 ναύλοχοι
1216 3417 1292 3501 αὐτῇ

433 3525 609 3606 ἀμφίδυμοι·
634 3539 668 3612 τῇ
691 3529 742 3590 τόν
767 3525 788 3608 μ’
817 3528 922 3608 ἔμενον
944 3533 1098 3609 λοχάοντες
1122 3533 1238 3609 Ἀχαιοί.

231 3641 401 3714 Nusquam
431 3643 514 3701 mihi
545 3643 662 3716 aliquis
692 3644 840 3703 vocabuli
871 3643 960 3716 αὐτός
985 3661 1080 3705 casus
1103 3647 1273 3719 tamquam
1296 3662 1363 3721 pro-

184 3769 307 3813 nomen
337 3756 505 3829 personale
536 3758 661 3831 positus
693 3759 801 3817 minus
829 3759 980 3818 ferendus
1003 3759 1094 3845 visus
1119 3760 1169 3817 est
1192 3775 1290 3832 quam
1314 3759 1365 3817 hic

184 3867 275 3926 istud
309 3866 392 3951 αὐτη.
430 3870 490 3928 Sed
525 3871 614 3930 totus
645 3872 697 3930 hic
732 3873 822 3931 locus
854 3888 873 3932 a
904 3873 1080 3932 recentiore
1110 3875 1207 3945 poeta
1237 3872 1365 3932 additus

184 3980 323 4056 videtur,
369 3983 423 4055 qui
465 3999 650 4043 sermonem
694 3985 820 4059 epicum
863 4002 979 4060 parurn
1014 3986 1164 4044 accurate
1200 3986 1364 4059 cognitum

185 4093 344 4154 habuerit.
377 4096 577 4169 Argumento
610 4100 659 4156 est
696 4099 892 4158 adiectivum
917 4097 1085 4176 ἀμφίδυμοι
1108 4100 1193 4171 quod
1217 4114 1281 4158 uno
1305 4098 1364 4160 hoc
1439 4179 1446 4186 ἢ

184 4206 256 4265 loco
280 4207 452 4268 invenitur.
