3310 5262
758 713 798 771 91

192 899 372 958 Vertendus
395 899 612 973 alterversus
635 899 683 958 sie
706 900 789 958 iere:
825 911 1051 972 „nunquamne
1075 911 1150 969 ergo
1174 893 1301 954 desines
1326 895 1365 953 de

191 1027 308 1086 genere
339 1028 411 1072 meo
431 1014 575 1087 rogare.”
600 1012 729 1072 Etenim
752 1008 792 1069 ἔτι
816 1007 988 1086 ἀπολλήξεις
1016 1011 1048 1069 et
1072 1005 1112 1066 ἔοι
1137 1005 1311 1083 ἀπολλήξειν
1335 1003 1366 1065 σε’

167 1147 270 1202 ,φημι
304 1127 370 1186 est:
409 1128 537 1201 ,veniet
574 1126 745 1200 aliquando
779 1127 910 1199 tempus
941 1124 1019 1185 illud
1051 1139 1112 1197 quo
1144 1124 1179 1182 tu
1204 1121 1365 1182 desinas.'’

190 1238 271 1298 Vide
295 1254 376 1312 quae
400 1240 485 1300 diota
508 1241 585 1299 sunt
608 1241 648 1299 ad
671 1239 687 1310 ζ
710 1240 783 1299 257.
808 1237 981 1298 Molestum
1005 1239 1116 1297 autem
1135 1236 1222 1296 istud
1240 1233 1291 1294 τόν
1312 1237 1370 1294 aut

190 1354 424 1413 removendum
448 1356 504 1414 aut
527 1356 697 1428 tamquam
720 1354 850 1427 signum
873 1350 1062 1412 recentioris
1090 1350 1207 1410 aetatis
1231 1349 1368 1409 retinen·

191 1467 279 1526 dum.
305 1465 350 1526 Oi.
375 1483 423 1527 VS.
451 1469 513 1527 196
537 1471 597 1538 τοῖς
620 1460 727 1526 11111ιᾶ
755 1463 867 1545 ἑτάροις
892 1468 924 1524 et
944 1459 988 1541 dp*
1017 1461 1104 1546 αὐτῷ.

238 1695 299 1753 221
335 1709 403 1768 sqq.
447 1693 635 1755 Cretensem
676 1709 751 1768 ergo
786 1707 822 1753 se
858 1692 996 1765 Ulysses
1035 1691 1178 1766 simulat,
1214 1689 1376 1764 Ulyssem'

191 1810 303 1868 autern
338 1808 467 1868 Troiam
497 1807 756 1883 proficiscentem
786 1806 895 1866 ventis
924 1805 1002 1864 olim
1026 1803 1155 1864 Cretam
1180 1804 1326 1863 ablatum
1351 1820 1370 1863 a

191 1939 227 1983 se
262 1923 349 1982 dorni
379 1925 554 1998 receptum.
586 1923 690 1996 Rogat
721 1923 832 1982 autern
863 1919 1031 1994 Penelope,
1057 1917 1160 1993 decipi
1184 1918 1306 1992 nolens,
1333 1919 1369 1977 ut

190 2036 254 2096 sibi
287 2036 441 2110 Ulyssem
475 2037 583 2110 ipsum
618 2035 778 2095 describat
813 2035 846 2094 et
876 2034 1035 2093 vestitum
1068 2032 1275 2104 comitesque.
1309 2031 1370 2090 Hie

191 2149 367 2209 simulatus
391 2150 576 2211 mendicus:

372 2254 394 2322 ὦ
416 2262 516 2342 γύναι,
539 2257 682 2341 ἀργαλέον
706 2259 812 2322 τόσσον
834 2259 942 2340 χρόνον
966 2255 1059 2336 ἀμφὶς
1084 2254 1169 2318 ἐόντα

370 2369 528 2453 ἔειπὲμεᾶ·
552 2373 611 2453 ἤδη
634 2374 689 2455 γάρ
712 2375 766 2435 for
789 2371 961 2435 ifreaoordv‘
980 2369 1066 2444 111ος
1091 2369 1159 2449 ἐστὶ,

370 2487 399 2561 ἕξ
423 2481 459 2549 οὗ
482 2493 584 2548 κεῖθεν
608 2487 661 2567 ἔβη
685 2485 736 2547 καὶ
759 2485 830 2566 ἐμῆς
855 2485 1024 2565 ἀπελήλυθε
1048 2483 1170 2564 πάτρης.

238 2601 369 2663 (lodices
399 2604 485 2662 haud
515 2602 609 2677 pauci
640 2603 741 2662 altero
773 2616 870 2661 versu
897 2616 953 2675 pro
986 2599 1039 2658 foi
1059 2599 1180 2658 habent
1203 2619 1261 2675 μοι,
1287 2598 1370 2672 quod

191 2717 323 2776 etiamsi
355 2716 388 2775 in
419 2716 507 2776 nullo
538 2716 699 2790 legeretur
728 2716 809 2775 libro
833 2714 1065 2789 manuscripto,
1090 2715 1202 2773 tamen
1225 2712 1277 2771 hio
1301 2713 1372 2780 erat

190 2830 374 2904 legendum,
411 2829 486 2903 quia
515 2828 567 2888 foc
587 2827 637 2888 'ab
668 2829 730 2888 hoo
760 2829 829 2888 looo
858 2827 1010 2887 alienum.
1036 2827 1135 2886 Recte
1158 2826 1318 2900 legeretur
1341 2825 1370 2884 si

190 2941 254 3017 hio,
290 2943 327 3001 ut
359 2943 420 3002 hoo
454 2945 527 3003 utar
559 2942 717 3018 exemplo,
750 2957 857 3002 sermo
889 2943 976 3001 esset
1007 2941 1046 3000 de
1078 2941 1183 3014 aliquo
1205 2939 1371 3000 absentiae

190 3059 338 3130 tempore
369 3056 481 3130 Ulyssi
512 3056 589 3116 fatis
620 3055 782 3115 destinato
806 3056 839 3114 et
865 3055 913 3114 sic
937 3054 1184 3114 ratiocinaretur
1207 3053 1371 3112 narrator:

193 3169 282 3246 ,iam
317 3169 494 3229 vicesimus
528 3169 581 3228 hio
608 3169 721 3243 Ulyssi
749 3183 853 3228 annus
877 3169 967 3228 venit
990 3184 1007 3227 e
1031 3184 1094 3243 quo
1126 3166 1220 3228 Creta
1243 3165 1372 3226 Troiam

190 3282 266 3342 vela
290 3283 393 3343 dedit:
419 3282 473 3356 qui
497 3297 570 3342 curn
597 3282 707 3341 fatalis
730 3297 834 3342 annus
859 3277 911 3355 sit,
936 3297 1016 3340 mox
1039 3281 1091 3340 hie
1115 3281 1219 3341 aderit
1241 3271 1371 3350 ille.’'¹).

192 3395 240 3454 At
262 3411 347 3454 nuno
367 3397 611 3471 commemorat,
634 3410 716 3467 quae
740 3410 792 3453 res
816 3393 899 3454 sibi
924 3395 1031 3454 obstet
1051 3393 1223 3467 quominus
1243 3391 1373 3466 Ulyssis

192 3508 341 3567 habitum
372 3509 501 3568 vultum
532 3510 640 3568 cetera
662 3509 821 3568 memoria
850 3510 969 3568 teneat.
998 3507 1095 3582 ,Mihi
1118 3506 1171 3566 hio
1194 3521 1298 3566 annus
1323 3507 1374 3564 est

194 3619 373 3682 vicesimus
396 3638 439 3682 ex
461 3637 523 3696 quo
546 3623 601 3684 ille
626 3621 721 3683 Creta
744 3621 843 3680 abiit”
869 3635 1001 3694 prorsus
1024 3619 1110 3680 idem
1135 3621 1187 3679 est
1209 3635 1263 3679 ac:
1287 3618 1373 3692 ,iam

193 3737 312 3812 viginti
335 3739 412 3797 sunt
435 3738 512 3797 anni
536 3753 577 3798 ex
603 3752 664 3810 quo
689 3752 747 3810 ego
772 3751 848 3795 eum
871 3735 969 3794 vidi''.

241 3965 305 4024 350
329 3979 375 4037 sq.
401 3963 460 4023 His
484 3962 591 4023 verbis
614 3963 778 4038 hospitem
800 3964 912 4024 laudat
935 3915 1110 4035 Penelope:

195 4139 439 4147 —-——-

222 4256 240 4310 ¹)
253 4255 286 4300 Ol.
300 4275 318 4302 ω
331 4259 371 4302 309
384 4267 437 4311 sqq.
449 4257 492 4302 ubl
506 4257 533 4303 ln
547 4258 691 4304 narratione
705 4257 807 4313 Ulyssis
829 4257 861 4303 ad
874 4259 973 4312 patrem
988 4257 1050 4303 haec
1063 4256 1191 4312 leguntur:

475 4338 550 4399 αὐτὰρ
565 4337 673 4396 Ὀδυσσῆι
691 4338 744 4383 eddo
761 4337 789 4396 δὴ
807 4337 913 4395 πέμπτον
933 4331 1006 4390 Rrec
1023 4337 1088 4391 loti,⁸

477 4415 500 4468 ἐξ
518 4413 545 4462 οὖ
562 4423 641 4463 uuidar
658 4417 699 4479 Ῐβη
717 4418 754 4462 καὶ
774 4420 827 4475 ἐμῆς
844 4419 976 4475 ἀπελήλυθε
997 4417 1090 4479 πάτρης.

194 4489 209 4534 l.
223 4499 243 4533 e.
264 4488 328 4544 ,lam
349 4488 452 4542 quintus
472 4490 513 4534 hio
534 4501 616 4535 annus
637 4502 668 4535 ex
690 4501 738 4543 quo
758 4490 865 4544 Ulysses
884 4490 953 4534 lilino
968 4490 1046 4535 abiit:
1063 4488 1105 4542 qul
1120 4498 1176 4532 oum
1196 4487 1307 4532 nondum
1324 4487 1374 4532 huc

194 4554 326 4601 advenerit
339 4557 460 4610 suspicari
475 4557 551 4602 debeo
565 4557 686 4602 miserum
700 4556 831 4612 naufragio
846 4557 993 4602 interiisse-’¹
