3310 5262
875 650 916 710 76

306 855 410 913 neque
434 841 502 914 ipse
525 840 689 914 recipiam)
714 854 774 898 sua
797 839 844 897 ira
868 838 1039 898 vexabitur
1058 839 1172 913 ipse'’?
1192 840 1236 899 At
1254 840 1326 898 tum
1346 837 1489 896 omnino

306 973 357 1029 μοι
388 955 458 1014 erat
487 954 670 1013 addendum
700 954 733 1012 et
763 952 1045 1011 succensendi
1075 952 1210 1011 verbum
1238 950 1271 1010 in
1294 950 1401 1010 futuro
1428 965 1488 1023 po-

306 1039 457 1126 nendum.
490 1066 530 1126 Et
558 1081 712 1140 quorsum
735 1065 822 1125 istud
846 1054 865 1141 ἦ
888 1061 944 1143 γὰρ
966 1060 1032 1140 ἐμοὶ
1054 1058 1111 1139 φίλ’
1138 1060 1254 1141 ἀληθέα
1278 1062 1489 1141 μυθήσασθαι

306 1179 469 1252 pertinet?
489 1178 587 1253 Quasi
606 1193 682 1237 vero
702 1178 822 1237 dixerit
840 1177 960 1251 aliquid
980 1177 1193 1236 Telemachus
1214 1176 1297 1251 quod
1317 1176 1374 1235 vix
1394 1176 1486 1250 quis·

306 1306 405 1364 quam
428 1291 573 1365 proloqui
596 1306 695 1350 ausus
719 1293 815 1351 esset.

353 1516 415 1574 150
446 1530 492 1588 sq.
525 1514 619 1574 Matri
650 1515 863 1575 Telemachus
893 1515 931 1575 de
955 1531 1013 1576 suo
1044 1515 1155 1574 narrat
1185 1514 1310 1590 itinere,
1335 1529 1437 1588 seque
1467 1530 1486 1573 e

306 1628 449 1690 Menelao
483 1631 612 1689 audisse
642 1628 731 1690 addit
760 1631 887 1704 patrem
918 1630 1062 1689 desidere
1093 1629 1193 1688 etiam
1224 1629 1307 1702 apud
1339 1628 1486 1703 Calypso

305 1758 409 1816 neque
428 1743 532 1803 redire
551 1759 646 1818 posse
666 1744 742 1817 quia
761 1743 855 1803 navis
876 1744 905 1803 ei
924 1744 1053 1817 praesto
1073 1757 1137 1802 non
1150 1742 1211 1815 sit;
1225 1757 1260 1801 se
1273 1757 1349 1801 vero
1363 1742 1487 1816 Sparta

305 1856 390 1916 felici
413 1856 619 1931 navigatione
643 1857 676 1915 in
698 1856 839 1930 patriam
862 1855 1006 1915 rediisse.
1031 1854 1198 1928 Sequitur:

483 1961 522 2042 ὧς
543 1965 641 2048 'udam
663 1979 698 2054 τῇ
721 1965 748 2030 δ’
777 1967 834 2049 δρα
857 1968 959 2048 θυμὸν
983 1966 1027 2029 ivl
1054 1944 1213 2047 στήθεσσιν
1237 1965 1324 2048 ὄρινε.

482 2089 556 2144 τοῖσι
580 2081 611 2145 δὲ
635 2083 684 2144 καλ
707 2082 857 2163 μετέλειττε
883 2084 1084 2161 Θεοκλύμενος
1107 2081 1276 2160 θεοδειδής.

349 2197 517 2259 Exciditne
547 2198 632 2258 inter
658 2199 737 2258 duos
768 2199 865 2258 hosce
895 2213 1010 2258 versus
1038 2196 1153 2271 aliquis
1176 2197 1334 2272 pluresve,
1361 2213 1403 2257 an
1426 2199 1486 2256 hic

304 2313 400 2384 podia
423 2314 456 2372 et
479 2313 547 2386 ipse
571 2312 699 2371 illorum
723 2311 785 2371 fuit
807 2312 977 2372 hominum
1001 2327 1081 2386 quos
1104 2312 1202 2371 toties
1220 2312 1425 2385 reprehendit
1447 2312 1484 2370 in

305 2425 442 2485 scholiis
473 2427 513 2485 ad
543 2425 678 2484 Iliadem
708 2425 926 2500 Aristarchus
959 2425 1041 2498 quod
1072 2440 1185 2484 veram
1213 2424 1281 2483 vim
1305 2425 1483 2484 verborum

304 2546 343 2619 τῷ
367 2541 421 2620 (τῇ)
446 2532 474 2597 δ’
500 2534 558 2617 ἄρα
580 2536 683 2614 θυμὸν
703 2535 746 2596 ἐνὶ
766 2535 924 2614 στήθεσσιν
944 2534 1023 2616 ’ὄρινε
1042 2538 1214 2612 ignorent?
1234 2537 1368 2612 Egregie
1388 2537 1482 2596 enim

304 2650 358 2709 ille
389 2652 482 2711 docet
511 2666 576 2710 non
606 2653 645 2711 de
676 2653 762 2711 certo
782 2652 921 2724 quodam
945 2651 1046 2711 animi
1069 2652 1187 2711 affectu
1210 2651 1288 2711 illud
1311 2651 1396 2727 poni,
1420 2651 1482 2711 sed

304 2778 433 2838 semper
452 2779 525 2823 eam
544 2764 719 2824 formulam
739 2763 890 2840 adhiberi,
913 2781 987 2824 cum
1007 2764 1205 2839 significetur
1225 2764 1361 2825 alicuius
1377 2765 1481 2824 verba

303 2876 443 2936 alterum
466 2879 506 2937 ad
530 2878 672 2951 aliquam
696 2894 766 2938 rem
784 2879 965 2938 faciendam
985 2895 1133 2939 movere:
1155 2880 1246 2952 sequi
1266 2894 1340 2953 ergo
1361 2879 1479 2939 debere

303 2990 378 3063 quid
397 2990 480 3049 alter
499 2991 552 3050 ille
571 2992 670 3051 faciat
698 2993 857 3051 Nostrone
877 3008 951 3067 ergo
975 2992 1044 3052 loco
1068 2993 1184 3052 iisdem
1203 2993 1268 3052 illis
1288 2993 1395 3052 verbis
1414 2993 1480 3053 hoc

302 3102 368 3162 iere
400 3102 532 3163 dicitur:
567 3105 633 3180 „ita
663 3106 822 3164 narrando
853 3105 1066 3165 Telemachus
1093 3108 1233 3165 matrem
1256 3106 1398 3180 placavit
1420 3107 1477 3165 tri·

302 3217 491 3290 stitiamque
522 3219 591 3277 eius
613 3219 785 3293 fugavit”?
807 3219 890 3278 Nam
914 3234 1027 3278 revera
1050 3219 1133 3277 irata
1156 3218 1217 3278 fuit
1240 3218 1397 3292 Penelope
1420 3219 1477 3278 tri-

303 3331 426 3405 stisque
450 3332 542 3406 quod,
568 3346 642 3390 cum
665 3332 747 3391 satis
770 3332 825 3392 diu
844 3333 910 3391 iam
930 3332 1017 3391 domi
1036 3332 1162 3407 suisset,
1183 3333 1295 3390 tamen
1315 3331 1477 3391 nihildum

303 3444 341 3504 de
364 3460 424 3505 sua
446 3445 703 3519 peregrinatione
727 3447 892 3506 narrasset
915 3450 973 3516 (vs.
1005 3446 1199 3514 101-106).

348 3670 411 3728 274
439 3685 507 3743 sqq.
535 3669 641 3729 Verba
671 3668 805 3729 Eumaei
832 3670 872 3728 ad
894 3669 1059 3746 Ulyssem,
1085 3685 1159 3729 cum
1183 3670 1223 3728 ad
1246 3669 1342 3728 huius
1365 3683 1475 3743 perve-

302 3785 419 3842 nerunt
442 3784 547 3859 aedes,
572 3783 652 3843 haec
674 3785 767 3843 sunt:

479 3891 536 3957 ἀλλ’
560 3893 611 3977 δλγε
635 3895 672 3973 δὴ
697 3889 868 3975 φραζώμεθ’
896 3893 976 3967 ὅπως
1000 3893 1078 3955 ἔσται
1101 3895 1171 3955 τάδε
1192 3859 1294 3976 λέμμα·

478 4006 513 4089 ἠὲ
535 4009 573 4070 σὺ
595 4018 709 4089 πρῶτος
732 4007 834 4069 ἔσελθε
857 4008 968 4087 δόμους
992 4007 1026 4070 id
1049 4009 1248 4088 ναιετάοντας,

479 4125 567 4185 δύσεο
592 4123 623 4183 δὲ
646 4131 824 4203 μνηστῆρας,
846 4122 903 4204 ἐγὼ
927 4119 954 4184 δ’
981 4122 1183 4201 ὑπολείψομαι
1207 4115 1290 4184 αὖθι·

480 4238 506 4298 εἰ
528 4233 555 4298 δ’
583 4235 704 4315 ἐθέλεις,
725 4236 886 4316 ἐπίμεινον,
908 4236 963 4319 ἐγὼ
988 4233 1018 4297 δ’
1042 4231 1101 4316 εἶμι
1124 4237 1320 4317 προπάροιθε.

478 4348 553 4429 μηδὲ
575 4350 613 4412 σὺ
637 4352 794 4430 δηθύνειν,
816 4352 856 4431 μή
879 4352 921 4424 τίς
947 4347 974 4412 σ’
1002 4350 1124 4412 ἔκτοσθε
1146 4352 1257 4431 νοήσας

477 4461 497 4543 ἢ
521 4463 597 4549 βάλῃ
620 4462 640 4545 ἢ
664 4464 761 4551 ἐλάσῃ.
