3270 5262
834 656 875 714 56

355 843 396 902 35
444 842 513 913 τοὺς
538 838 592 918 μὲν
615 839 782 918 ὁμοκλήσας
801 835 899 900 ’σεῦεν
921 838 1016 912 κύνας
1040 835 1161 909 ἄλλυδις
1184 834 1273 898 ἄλλον

444 965 592 1038 πυκνῇσιν
615 955 798 1032 λιθάδεσσιν,
821 951 877 1013 κιὲ.

307 1070 562 1130 Prudentissime
586 1071 838 1142 acutissimeque
863 1069 902 1128 ad
925 1083 1040 1127 versus
1062 1068 1102 1126 31
1124 1068 1224 1128 verba
1244 1075 1437 1144 σκῆπτρον--

262 1181 355 1260 χειρός
390 1183 571 1243 annotatis:
610 1183 728 1258 ,nimis
764 1183 886 1242 similia
920 1184 1000 1241 haec
1035 1181 1138 1240 exitui
1168 1197 1283 1240 versus
1315 1182 1367 1241 34.
1400 1181 1441 1240 Et

262 1296 337 1369 quid
365 1295 572 1370 significant?
597 1297 630 1355 Si
653 1297 780 1361 clavam
806 1296 920 1356 callido
944 1295 1077 1354 consilio
1100 1295 1341 1379 proiecisse
1365 1296 1439 1354 dici-

262 1413 315 1470 tur
347 1411 468 1485 Ulixes
493 1427 534 1470 ne
558 1412 691 1471 canibus
714 1411 833 1470 minari
857 1410 1029 1486 videretur,
1055 1425 1120 1468 non
1143 1406 1244 1468 ἔκπεσε
1268 1409 1440 1469 dicendum

263 1526 341 1599 erat,
366 1525 423 1584 sed
447 1522 559 1601 ἔκβαλε,
584 1526 667 1598 quod
691 1527 741 1584 est
765 1525 798 1583 in
822 1525 857 1584 d.
883 1524 933 1600 X,
959 1524 1016 1583 sed
1040 1525 1168 1598 propter
1191 1539 1367 1598 pronomen
1387 1525 1440 1582 for

262 1638 346 1711 quod
375 1639 539 1712 praecedit
568 1639 666 1713 recipi
698 1640 842 1712 nequit.”
869 1638 1050 1698 Verissima
1073 1639 1153 1697 haec
1176 1653 1248 1697 esse
1272 1653 1378 1712 nemu,
1403 1641 1442 1696 ut

263 1752 382 1827 opinor,
415 1753 554 1826 negabit.
588 1753 665 1812 Mihi
688 1755 801 1813 tamen
824 1754 913 1812 totus
937 1751 1132 1810 narrationis
1155 1751 1310 1811 decursus
1333 1751 1441 1824 magis

264 1865 364 1924 etiam
392 1866 541 1940 displicet
563 1882 661 1940 quam
685 1867 788 1926 nimia
811 1866 867 1925 illa
890 1864 1159 1924 terminationum
1184 1864 1363 1924 similitudo
1387 1863 1442 1922 vel

261 1978 351 2038 verbi
372 1977 473 2038 ἔκπεσε
493 1982 622 2040 abusus.
645 1981 725 2055 Quid
746 1981 857 2040 enim?
877 1979 1015 2053 Ulysses
1031 1976 1106 2049 ἕζετο
1119 1978 1303 2062 κερδοσύνῃε
1318 1978 1442 2038 assedit

216 2101 219 2108 ’
261 2093 415 2167 Ulysses:
458 2095 581 2154 sciebat
619 2095 707 2154 enim
741 2095 791 2153 vir
826 2094 960 2154 callidus
998 2095 1201 2168 prudensque
1236 2094 1284 2153 sic
1319 2091 1442 2167 optime

263 2223 381 2267 canum
411 2209 495 2267 iram
525 2209 640 2284 sedari,
674 2209 863 2282 clavamque
894 2209 1028 2281 proiecit
1055 2209 1225 2278 (iaciamus
1249 2208 1337 2267 enim
1360 2207 1440 2265 illud

263 2321 296 2380 in
331 2323 438 2382 verbis
469 2328 617 2401 σκῆπτρον
651 2355 690 2361 —-
723 2319 816 2398 χειρός
847 2322 964 2391 inesse)
997 2322 1110 2381 eodem
1142 2322 1284 2381 consilio.
1317 2321 1440 2380 Verum

263 2435 338 2508 quid
358 2436 527 2508 sequitur?
550 2435 652 2508 ,Tum
673 2449 769 2493 canes
788 2434 943 2507 Ulyssem
961 2434 1182 2510 dilaniassent,
1201 2435 1264 2494 nisi
1276 2435 1440 2494 Eumaeus

263 2549 384 2607 auxilio
408 2549 584 2608 venisset.’'
609 2548 657 2606 En
681 2548 869 2621 exemplum
891 2548 1094 2607 calliditatis!
1116 2549 1206 2607 Novo
1227 2549 1366 2621 quodam
1387 2549 1438 2607 ad·

264 2676 377 2720 versus
412 2662 539 2721 instans
573 2661 753 2736 perieulum
784 2663 926 2722 remedio
957 2663 1060 2722 utitur
1091 2662 1237 2738 UlysseS,
1270 2663 1327 2721 sed
1358 2661 1439 2720 nihil

262 2775 341 2834 illud
371 2776 518 2849 prodest:
551 2791 616 2835 non
646 2775 701 2835 illo
733 2777 789 2835 sed
817 2777 951 2836 Eumaei
974 2777 1133 2850 lapidibus
1158 2779 1307 2836 arcentur
1331 2790 1438 2835 canes

262 2888 491 2963 Adspiciamus
525 2890 596 2963 ipsa
626 2890 726 2949 verba
758 2905 838 2963 quae
871 2891 1061 2950 citavimus:
1097 2891 1183 2966 ,iarn
1215 2891 1375 2964 impeturn
1405 2890 1440 2948 in

262 3002 417 3077 Ulyssem
449 3017 545 3062 canes
572 3003 704 3078 iaciunt,
730 3003 801 3062 sed
823 3003 888 3079 ille,
913 3005 950 3062 ut
973 3005 1044 3063 erat
1067 3004 1201 3063 callidus
1224 3005 1438 3080 prudensque,

263 3118 386 3178 omissa
417 3116 508 3176 clava
539 3117 692 3176 assedit.’'
726 3116 806 3192 Quid
837 3118 953 3177 addere
984 3118 1035 3176 his
1065 3120 1173 3192 potest
1203 3120 1350 3178 narrator
1373 3134 1439 3178 non

262 3231 357 3305 plane
392 3231 556 3290 delirans?
590 3232 730 3305 Nempe:
769 3234 860 3306 ,tum
895 3247 991 3291 canes
1027 3247 1102 3292 eum
1133 3248 1197 3292 non
1228 3233 1438 3306 tetigerunt.”

263 3343 382 3405 Contra
405 3344 500 3404 illud:
527 3347 619 3420 ,tum
639 3360 736 3405 canes
755 3345 910 3419 Ulyssem
930 3346 1143 3406 dilaniassent
1161 3347 1225 3406 nisi
1245 3348 1439 3407 accurrisset

264 3460 426 3520 Eumaeus
461 3475 579 3534 eosque
615 3459 769 3520 coniectis
803 3460 962 3535 lapidibus
992 3460 1158 3535 rogassem
1191 3463 1278 3522 recte
1308 3463 1439 3536 ponitur

263 3574 292 3633 si
315 3574 395 3633 nihil
420 3574 506 3634 aliud
538 3590 636 3648 quarn
666 3576 727 3634 hoe
756 3575 935 3649 praecedit:
971 3578 1162 3650 ,conspecto
1193 3576 1313 3651 Ulysse
1340 3592 1439 3637 rauca

263 3702 341 3747 voce
365 3687 452 3746 edita
475 3703 571 3748 canes
593 3688 796 3763 provolant.’'
820 3689 902 3749 Puto
922 3705 997 3764 ergo
1018 3691 1187 3764 antiquum
1207 3687 1337 3765 poetar'n
1358 3691 1439 3751 haec

263 3801 330 3862 iere
353 3801 540 3877 scripsisse:

420 3913 560 3994 ἐξαπίνης
584 3911 612 3976 δ’
635 3911 756 3994 Ὀδυσῆ’
784 3914 887 3976 {fuleo
910 3916 998 3988 κύνες
1022 3915 1217 3997 ὑλακόμωροι.

419 4029 536 4101 (diecret
557 4035 597 4102 ce)
621 4034 797 4110 κεκληγῶιες
821 4027 988 4111 ἐπέδραμον
1011 4028 1116 4111 (ἄνδρα
1139 4030 1294 4104 θιδόντες).

418 4141 495 4204 ἔνθα
519 4166 550 4205 κε
573 4146 619 4229 ἑῷ
643 4142 703 4225 πὰρ
728 4149 851 4227 σταθμῷ
874 4141 1041 4205 Uerulano
1061 4139 1173 4204 ’πάθεν
1197 4142 1284 4226 ἄλγος

418 4255 491 4317 ἀλλὰ
514 4258 649 4338 συβώτης
674 4256 729 4318 κιὲ,

305 4373 367 4433 Sed
397 4375 624 4448 supervenisse
655 4373 762 4433 virum
793 4373 901 4449 inepte
924 4375 1024 4450 pium,
1050 4375 1104 4448 qui
1128 4375 1211 4434 serre
1235 4390 1299 4435 non
1324 4378 1437 4450 posset

261 4486 511 4546 callidissimum
545 4488 734 4548 mortalium
769 4488 917 4562 ignarum
952 4487 1029 4563 fingi
1064 4489 1132 4548 noti
1163 4489 1250 4548 illius
1281 4490 1437 4550 adversus
