3310 5262
725 660 787 718 109

164 851 225 910 sibi
255 851 336 910 velit
366 851 417 909 vel
449 849 608 923 quomodo
638 849 726 907 recte
748 848 801 906 hic
823 849 899 921 poni
922 849 1063 922 potuerit
1086 864 1149 908 non
1173 849 1276 909 video.
1302 850 1339 908 In

163 965 262 1024 verbo
296 964 384 1023 enim
420 964 469 1022 est
505 963 593 1022 notio
624 961 934 1050 satisfaciendi
965 963 1017 1021 vel
1049 963 1189 1022 damni
1220 963 1339 1021 illati

164 1077 469 1152 compensandi
502 1077 554 1136 vel
590 1074 856 1135 restituendi
886 1076 992 1148 quod
1023 1076 1243 1135 ademeris.
1278 1076 1338 1136 Sed

163 1192 194 1251 id
226 1193 281 1265 qui
311 1188 385 1249 κατὰ
417 1190 513 1266 δῆμον
544 1188 615 1248 fieri
645 1190 777 1262 potest?
808 1189 878 1248 Hoc
909 1189 997 1248 enirn
1028 1190 1079 1249 est
1109 1205 1180 1262 per
1203 1191 1339 1249 totum

164 1304 364 1378 populum
388 1305 579 1379 poniturque
603 1303 642 1362 de
666 1318 704 1362 ea
727 1318 761 1362 re
785 1302 825 1362 ad
848 1318 947 1377 quarn
970 1302 1198 1378 perficiendam
1221 1303 1340 1378 singuli

164 1418 253 1477 cives
285 1418 352 1477 sint
375 1417 522 1477 adeundi.
548 1416 608 1491 Qui
631 1418 742 1475 autem
759 1415 936 1495 ingentem
955 1416 1072 1476 debent
1094 1417 1276 1491 pecuniam,
1301 1418 1340 1476 ad

163 1531 255 1591 illam
290 1532 538 1605 persolvendam
572 1531 648 1604 quid
678 1530 784 1590 iacere
814 1527 888 1587 κατὰ
919 1530 1016 1606 δῆμον
1047 1531 1153 1591 solent
1184 1533 1235 1591 vel
1266 1547 1340 1592 cum

163 1646 274 1719 aliqua
303 1645 388 1704 bona
418 1660 475 1719 spe
502 1645 662 1718 possunt?
685 1644 731 1703 Ut
755 1645 866 1718 opinor
890 1645 1147 1706 circumcursant
1169 1647 1339 1722 familiam,

164 1760 298 1834 amicos,
331 1761 435 1833 notos,
464 1758 601 1832 ignotos,
627 1757 763 1830 denique
787 1759 894 1817 totum
917 1759 1070 1832 populum
1097 1760 1136 1819 ad
1160 1761 1251 1819 illam
1276 1775 1340 1820 cor·

162 1874 350 1948 radendam,
383 1873 469 1932 haud
500 1872 676 1932 dissimiles
707 1873 930 1932 mendicorum
954 1873 1008 1946 qui
1032 1875 1151 1947 stipem
1176 1875 1339 1948 colligunt.

163 1987 290 2061 Ergone
310 1984 495 2064 ἀμειράμεασι
517 1984 590 2042 κατὰ
611 1986 706 2061 δῆμον
728 1987 958 2046 scribendum?
979 1987 1031 2046 Sic
1050 1989 1137 2047 certe
1156 1986 1228 2044 κατὰ
1245 1989 1260 2044 1
1268 1997 1341 2062 ppos

163 2103 240 2173 apto
275 2101 372 2160 verbo
408 2100 603 2173 adhaerebit,
636 2104 785 2173 recteque
817 2100 894 2159 illud
927 2101 960 2158 in
990 2101 1164 2173 praeterito
1195 2104 1341 2176 tempore

164 2215 228 2273 erit
258 2215 410 2288 positum,
442 2229 519 2273 nam
550 2215 587 2273 ut
617 2213 743 2273 solvere
769 2213 873 2286 possit
896 2213 1012 2286 aliquis
1034 2215 1224 2286 praecedere
1248 2215 1342 2274 debet

165 2345 377 2388 nummorum
409 2329 564 2389 collectio.
597 2327 716 2388 Contra
747 2327 1073 2387 satisfactionis
1101 2330 1134 2387 et
1158 2344 1340 2402 compen-

164 2420 354 2504 sationis
381 2444 608 2503 tantummodo
632 2444 755 2503 mentio
778 2442 848 2502 fieri
866 2445 974 2516 potest
992 2444 1163 2516 tamquam
1174 2443 1238 2517 rei,
1259 2459 1341 2515 quae

165 2556 242 2616 data
276 2559 470 2630 acceptaque
504 2557 641 2630 pecunia
674 2557 819 2616 futura
853 2556 906 2631 sit,
942 2571 1055 2631 neque,
1092 2557 1123 2615 id
1158 2557 1240 2629 quod
1275 2556 1341 2614 iam

166 2672 290 2732 dictum
325 2674 384 2745 est,
420 2671 487 2731 ulla
520 2687 664 2745 unquam
700 2671 880 2730 satisfactio
915 2669 987 2728 κατὰ
1024 2669 1119 2746 δῆμον
1154 2668 1199 2729 fit.
1235 2670 1342 2729 Facile

166 2789 278 2846 tamen
301 2787 437 2847 verbum
461 2783 645 2863 ἀρέσσασθαι
670 2787 732 2846 huc
756 2787 860 2860 potuit
883 2787 1030 2860 irrepere,
1052 2787 1205 2859 quoniam
1225 2786 1258 2844 in
1278 2801 1342 2846 uno

169 2902 264 2961 verbo
285 2898 472 2977 ἀρεσσόμεθα
492 2903 662 2974 tamquam
683 2900 717 2959 in
736 2900 935 2974 compendio,
956 2900 1042 2958 inest
1061 2902 1131 2959 tota
1146 2900 1343 2972 Eurymachi

166 3016 278 3074 oratio.
310 3015 521 3088 Participium
552 3016 662 3073 autem
690 3009 876 3091 ἀμειράμενσι
905 3028 970 3072 non
993 3013 1111 3086 legitur
1134 3012 1220 3087 alibi,
1244 3013 1298 3070 sed
1324 3034 1342 3068 ν

170 3129 210 3187 14
230 3129 348 3202 legitur
367 3143 498 3202 prorsus
519 3143 555 3186 eo
576 3141 684 3202 sensu,
705 3141 768 3198 quo
788 3127 841 3184 hic
860 3141 940 3199 opus
961 3127 1019 3201 cst,
1042 3125 1213 3198 additoque
1229 3126 1342 3185 eodem
1395 3188 1397 3193 .

168 3241 221 3300 illo
245 3239 319 3298 κατὰ
343 3240 456 3318 δῆμονῑ
484 3256 491 3267 ’

302 3349 366 3414 ἀλλ’
393 3351 445 3434 ἀμε
467 3355 520 3414 ἀοι
544 3355 642 3432 δῶμεν
664 3353 789 3432 τρίποδα
813 3351 905 3433 μέγαν
928 3347 982 3430 ἠδὲ
1005 3350 1112 3430 λέβητα

303 3466 462 3547 ἀνδρακάς·
486 3459 557 3546 ἦμες
581 3463 609 3528 δ’
637 3459 706 3527 αὖτε
729 3465 987 3548 ἀγειρόμενοι
1009 3465 1084 3526 κατὰ
1108 3459 1204 3544 δῆμον

303 3577 445 3658 τισόμεθ’.

215 3699 424 3773 Participium
449 3699 560 3758 aoristi
585 3698 683 3758 activi
706 3701 739 3758 et
762 3699 838 3758 alibi
861 3700 972 3759 exstat
995 3701 1028 3759 et
1051 3721 1065 3756 τ
1092 3701 1171 3759 197:

304 3811 481 3890 δημόθεν
505 3806 604 3887 ἄλφιτ’
631 3809 727 3871 ἔδωκα
751 3810 801 3871 καὶ
824 3811 940 3870 oddone
963 3813 1070 3870 δοῖνον
1094 3809 1264 3891 ἀγείρας.

215 4036 255 4095 81
281 4052 328 4109 sq.
354 4037 472 4096 Stricta
495 4035 601 4109 gladio
625 4036 659 4094 in
681 4034 839 4107 Ulyssum
863 4035 998 4095 incurrit
1021 4036 1261 4108 Eurymachus:

600 4143 616 4207 δ
641 4142 671 4206 δ’
698 4143 810 4232 ὁμαρτῇ
834 4147 896 4219 δῖος
916 4143 1077 4220 Ὀδυσσεὺς

369 4261 417 4322 ἰὸν
439 4259 612 4339 &conuolsis
634 4255 717 4339 ’βάλε
741 4258 773 4320 δὲ
797 4266 909 4337 στῆθος
932 4261 1013 4339 παρὰ
1037 4262 1137 4339 μαζόν.

216 4378 268 4437 Sic
295 4378 400 4451 vulgo,
426 4376 625 4447 vitiossime3
651 4377 796 4449 praestat
820 4375 957 4435 duorum
982 4377 1128 4436 codicum
1152 4377 1246 4436 lectio
1271 4371 1342 4432 αα.»-

173 4491 276 4568 αρσίει,
305 4493 380 4565 quia
409 4491 567 4565 particula
599 4486 630 4546 δέ
661 4489 805 4562 postulat
828 4491 1023 4563 praecedens
1048 4490 1182 4549 verbum
1204 4488 1343 4564 finitum,
