3310 5262
340 876 391 938 τὸν
414 877 559 958 κατέθηκε
582 877 681 959 φέρων
704 878 778 959 πρὸς
804 881 983 961 Τηλεμάχοιο
1005 882 1151 963 τραπέζαν

341 991 452 1072 ἀντίον,
474 993 550 1054 ἔνθα
574 989 603 1054 δ’
629 989 672 1075 ἄρ’
694 993 783 1067 αὐτὸς
806 993 929 1072 ἐφέζετο.
956 1001 1002 1080 Τῷ
1026 993 1055 1057 ‹l‘
1082 995 1140 1079 ἄρα
1162 997 1255 1078 κήρνξ

228 1108 294 1168 335
340 1113 448 1186 μοῖραν
471 1105 545 1169 ἑλὼν
568 1105 659 1168 ἐτίθει
682 1105 792 1169 κανίον
814 1103 836 1168 τ’
854 1095 894 1168 Ι’ἐκ
917 1114 998 1170 σῖτον
1021 1108 1129 1190 ἀείρας.

203 1221 275 1280 Duo
314 1223 366 1281 hic
403 1223 558 1283 vocabula
593 1223 825 1282 absurdissime
855 1224 961 1297 posita
990 1225 1156 1286 videntur:
1192 1227 1334 1301 primum

162 1337 219 1404 (vs.
253 1336 329 1406 334)
353 1333 450 1408 αὐτός.
475 1337 556 1411 Quid
580 1337 691 1396 enim?
714 1338 787 1411 Ipse
809 1339 972 1398 Eumaeus
995 1340 1112 1399 sellam
1136 1341 1241 1417 elegit,
1266 1343 1334 1416 ipse

160 1449 281 1524 attulit,
315 1450 383 1523 ipse
414 1451 579 1524 apposuit:
609 1451 701 1524 sequi
723 1467 809 1511 nuno
833 1452 943 1512 debet:
967 1453 1001 1512 in
1024 1454 1080 1512 illa
1103 1469 1178 1528 ergo
1202 1455 1333 1531 assedit,

160 1577 225 1620 non
249 1559 326 1621 ἔνθα
350 1556 378 1620 d'
404 1557 447 1642 ἄρ’
471 1561 560 1634 αὐτὸς
580 1560 704 1640 ἐφέζετο,
723 1565 877 1638 quoniam
896 1563 986 1637 αὐτός
1005 1569 1078 1626 tum
1097 1568 1229 1628 demum
1248 1572 1335 1629 reete

160 1675 291 1736 additur
314 1677 342 1735 si
366 1677 438 1750 quis
461 1677 602 1737 alienam
625 1681 760 1753 occupat
782 1679 907 1755 sellam,
933 1696 1031 1754 quam
1051 1684 1163 1741 tamen
1183 1684 1252 1743 loco
1271 1699 1335 1743 non

159 1792 311 1851 moverit.
336 1792 457 1852 Deinde
480 1797 603 1871 μοῖραν;
628 1796 764 1870 partem,
789 1795 947 1868 frustum;
973 1795 1064 1854 cuius
1088 1795 1158 1855 rei?
1181 1796 1334 1871 „Carnis”

158 1907 279 1968 dixerit
303 1908 428 1981 aliquis.
453 1909 497 1968 At
520 1924 584 1968 non
607 1909 725 1968 licebat
748 1909 838 1968 illam
858 1924 972 1968 vocem
993 1910 1152 1970 omittere.
1175 1910 1236 1970 Sed
1255 1913 1336 1971 nihil

40 2063 41 2100 3
157 2023 267 2081 muto:
298 2022 410 2082 invitis
441 2024 529 2083 enim
549 2023 653 2082 Musis
677 2025 812 2096 uterque
835 2038 950 2082 versus
975 2024 1174 2097 compositus
1197 2025 1333 2086 videtur.

160 2133 339 2195 Observate
361 2137 529 2210 praeterea
552 2125 650 2210 quam
673 2136 825 2211 languida
848 2137 892 2196 sit
915 2153 963 2196 vs.
989 2138 1054 2197 334
1078 2138 1254 2212 paniculae
1278 2136 1341 2217 ἄρα,

158 2249 320 2322 repetitio,

40 2549 41 2562 ρ
188 2475 267 2560 381
301 2489 368 2548 sqq.
400 2475 580 2549 Increpitus
604 2476 643 2535 ab
666 2475 807 2536 Antinoo
832 2477 914 2549 quod
937 2476 1123 2535 mendicum
1146 2476 1231 2536 ultro
1256 2477 1334 2537 invi-

160 2587 268 2646 tatum
293 2604 404 2648 secum
428 2589 598 2648 adduxerit
620 2589 668 2647 sio
690 2589 853 2648 Eumaeus
875 2591 1064 2664 respondet:

340 2698 470 2780 Ἀντίνο’,
492 2701 528 2763 οὐ
552 2698 605 2780 μὲν
628 2700 703 2762 καλὰ
725 2699 775 2762 καὶ
799 2699 905 2774 ἐσθλὸς
928 2699 984 2762 ἐὼν
1008 2700 1167 2782 ἀγορεύεις·

340 2815 382 2886 τίς
404 2813 460 2896 γὰρ
484 2814 521 2892 δὴ
545 2817 642 2888 ξεῖνον
665 2820 752 2875 καλεῖ
770 2812 898 2875 ἄλλοθεν
922 2813 1011 2888 αὐτὸς
1034 2814 1169 2876 ἐπελθὼν

341 2925 431 2989 ἄλλον
453 2927 490 3010 γ’,
511 2929 538 2990 εί
560 2928 600 3008 μὴ
623 2937 681 2989 τῶν
704 2929 734 2990 οἳ
755 2926 948 3010 ὃημιοίεργοὶ
971 2927 1044 3007 ἔασι,

341 3041 446 3120 μάντιν
470 3039 489 3122 ἢ
512 3042 618 3123 ἰητῆρα
641 3052 741 3103 κακῶν
766 3040 785 3123 ἢ
808 3039 928 3102 τέκτονα
951 3044 1070 3123 δούρων

341 3152 361 3235 ἢ
384 3155 433 3216 καὶ
455 3154 565 3216 θέσπιν
587 3155 703 3236 ἀοιδὸν,
725 3156 742 3218 ὅ
764 3179 814 3218 κεν
837 3154 977 3240 τέρπῃσιν
1001 3156 1126 3231 beidam

341 3263 423 3330 οὗτοι
445 3268 501 3351 γὰρ
524 3271 627 3349 κλητοί
645 3293 676 3351 γε
700 3273 815 3350 βροτῶν
838 3265 885 3330 ἐπ’
913 3268 1056 3350 ἀπείρονα
1079 3275 1176 3352 γαῖαν·

340 3381 456 3462 πτωχὸν
480 3377 506 3443 δ’
535 3382 572 3445 οὔ
595 3381 646 3444 κέν
668 3407 710 3456 τις
733 3381 833 3444 καλέοι
855 3383 999 3465 τρύξοντοί
1022 3382 1036 3444 ἕ
1058 3383 1158 3445 αὐτόν.

208 3497 269 3556 Pro
300 3493 314 3555 ἕ
344 3498 534 3571 reposuistis
564 3514 632 3575 μινε
665 3499 712 3558 sio
743 3501 829 3559 certe
853 3499 1047 3559 durissimus
1069 3500 1193 3559 vitatur
1215 3501 1335 3561 hiatus,

165 3607 225 3669 Sed
256 3611 359 3670 restat
389 3611 509 3685 aliquid
540 3612 625 3672 haud
648 3612 758 3673 minus
782 3612 967 3672 molestum.
993 3613 1056 3672 Ubi
1079 3613 1166 3672 enim
1189 3614 1249 3673 hoo
1272 3630 1336 3674 uno

163 3720 232 3782 looo
264 3726 398 3798 excepto
429 3725 462 3784 in
493 3726 582 3799 poesi
614 3727 703 3799 epioa
730 3747 781 3801 μιν
805 3723 896 3785 αὐτόν
919 3726 1061 3800 legitur?
1086 3726 1174 3801 Quod
1197 3743 1237 3786 ne
1261 3743 1337 3788 eum

164 3835 293 3906 quidem
316 3852 450 3897 sensum
473 3839 624 3912 praebere
644 3839 772 3898 videtur
792 3854 853 3913 quo
873 3839 925 3898 hic
945 3855 1025 3913 opus
1045 3842 1105 3900 est.
1127 3839 1337 3901 scribendum

166 3963 239 4023 ergo
258 3966 314 4025 pro
333 3949 425 4011 αὐτόν
446 3967 561 4011 censeo
581 3954 638 4011 aut
657 3949 763 4022 αὐτός;
786 3953 878 4028 „quis
898 3954 966 4027 ipse
986 3953 1122 4013 advocet
1140 3954 1336 4030 mendicum,

166 4063 218 4132 qui
247 4063 293 4123 nil
323 4063 387 4124 nisi
418 4064 574 4124 damnum
605 4064 650 4123 sit
677 4065 879 4125 allaturus?’'
904 4068 971 4126 Aut
994 4062 1106 4137 αὕτωςε
1134 4068 1225 4141 „quis
1249 4083 1336 4127 men-

166 4173 271 4236 dicum
295 4179 441 4254 adducat,
467 4179 521 4252 qui
539 4179 587 4239 sio
606 4179 729 4238 temere
750 4179 834 4239 bona
854 4181 1002 4240 comedat
1021 4195 1124 4253 neque
1144 4180 1210 4240 ullo
1229 4179 1338 4240 labore

167 4289 236 4350 utili
259 4292 416 4352 damnum
439 4292 568 4353 illatum
592 4294 781 4368 compenset
789 4293 825 4351 ?”

210 4514 272 4573 482
303 4531 371 4590 sqq.
404 4515 485 4577 Cum
513 4517 690 4577 scabellum
716 4516 749 4576 in
772 4517 926 4591 Ulyssem
949 4517 1111 4578 Antinous
1136 4520 1335 4596 coniecisset,
