3310 5262
845 659 886 748 ια’

279 879 331 938 vel
362 878 426 940 alia
456 878 594 951 quadarn
625 876 780 936 facultate
811 879 935 937 ceteros
966 893 1079 938 ornnes
1110 880 1220 940 vincat
1243 885 1454 956 superetque:

279 992 312 1051 in
348 1008 411 1066 qua
442 991 530 1050 enim
561 1005 595 1049 re
625 989 722 1049 multi
753 991 916 1050 coniuncti
946 991 1067 1051 frustra
1097 993 1256 1053 desudant
1286 995 1368 1054 hanc
1399 995 1455 1055 ille

278 1106 372 1166 facile
412 1108 445 1165 et
478 1103 566 1163 nullo
600 1103 729 1178 negotio
762 1083 897 1178 peragit.
934 1103 1052 1180 Quodsi
1087 1107 1159 1180 quis
1193 1105 1256 1186 ῥεῖα
1290 1107 1456 1167 λανθάνειν

279 1219 404 1295 dicitur,
429 1218 550 1292 quanta
573 1217 643 1276 eius
666 1216 710 1276 sit
733 1217 889 1278 velocitas
909 1218 1079 1279 observare
1099 1219 1263 1280 iubemur:
1285 1221 1351 1280 iam
1367 1221 1454 1297 elap-

279 1349 335 1392 sus
367 1335 436 1392 erat
467 1334 499 1391 et
529 1331 649 1406 procul.
670 1331 793 1391 abierat
824 1347 899 1390 cum
931 1333 1044 1393 abesse
1072 1349 1146 1393 eum
1172 1335 1269 1394 ceteri
1293 1335 1453 1394 videmnt.

278 1445 337 1505 Dei
367 1447 478 1505 autern
505 1446 556 1505 est
578 1442 641 1523 ῥεῖα
666 1442 799 1503 λαθόντα
824 1446 929 1519 aliquo
953 1447 1072 1523 venire,
1099 1448 1132 1506 in
1155 1449 1250 1508 aedes
1273 1451 1453 1524 penetrare,

279 1560 385 1620 subito
410 1561 505 1620 alicui
530 1561 692 1620 assistere.
718 1559 810 1619 Multi
833 1560 982 1620 homines
1006 1561 1123 1621 alicubi
1148 1564 1274 1638 adsunt,
1300 1563 1455 1622 excubias

280 1677 380 1749 agunt
407 1675 510 1734 aliove
533 1676 629 1734 modo
654 1674 927 1748 aliquemlocum
950 1676 1152 1750 custodiunt;
1178 1677 1257 1737 deus
1280 1680 1391 1737 tamen
1415 1694 1455 1738 ea

279 1788 433 1848 facultate
468 1790 519 1848 est
547 1788 712 1862 praeditus
743 1790 779 1848 ut
809 1785 872 1866 ῥεῖα
903 1787 1008 1847 λαθών
1041 1791 1164 1849 ceteros
1196 1791 1366 1851 confestim
1397 1793 1455 1851 uni

280 1919 391 1963 eorum
411 1905 573 1978 appareat.
598 1903 704 1962 Homo
728 1902 806 1961 illud
830 1901 1037 1962 nullomodo
1060 1904 1165 1963 facere
1184 1905 1352 1980 potuisset,
1375 1906 1455 1964 deus

280 2033 356 2077 vero
385 2033 450 2078 non
480 2017 587 2076 solum
617 2017 696 2076 facit
725 2016 781 2075 sed
813 2016 913 2074 etiam
943 2016 1046 2076 facile.
1076 2016 1152 2090 Quis
1176 2019 1287 2076 autern
1310 2032 1455 2091 unquam

280 2131 462 2192 velocitatis
482 2146 560 2190 suae
580 2131 667 2190 dedit
686 2129 917 2189 documentum
936 2129 1071 2189 lacrima
1090 2130 1327 2205 abstergenda?
1344 2130 1454 2190 Cuius-

280 2247 331 2305 vis
353 2245 495 2305 hominis
515 2245 566 2304 est
589 2244 635 2303 ita
657 2244 736 2303 illud
755 2244 860 2304 facere
880 2246 917 2304 ut
936 2260 1032 2304 nemo
1052 2245 1177 2304 videat:
1198 2260 1263 2305 non
1282 2246 1456 2321 requiritur

280 2361 320 2419 ad
343 2360 422 2419 illud
445 2358 612 2432 negotium
636 2357 714 2416 deus
738 2358 790 2416 vel
813 2359 910 2418 homo
931 2358 980 2417 dis
1000 2358 1134 2417 amicus.
1155 2359 1222 2418 Aut
1241 2374 1316 2434 ergo
1335 2361 1455 2420 vitium

280 2475 332 2534 hic
362 2474 442 2533 latet
474 2472 508 2530 in
530 2469 593 2549 ῥεῖα
616 2466 721 2529 λαθὼν
739 2463 895 2547 Ἑύμαιον,
916 2473 972 2531 aut
994 2470 1102 2530 verbis
1126 2471 1190 2530 illis
1214 2471 1292 2531 olim
1315 2473 1387 2532 libri
1410 2474 1455 2532 la-

281 2603 363 2647 cuna
386 2587 437 2646 est
460 2585 602 2660 impleta,
629 2584 684 2642 aut
708 2583 843 2657 denique
862 2583 1115 2644 venustissimae
1135 2586 1329 2645 narrationis
1348 2589 1454 2662 poeta,

280 2702 358 2760 dum
388 2700 558 2773 diligenter
588 2697 710 2757 vetusti
739 2698 826 2756 vatis
856 2713 1040 2757 sermonem
1069 2698 1217 2757 imitatur
1239 2714 1303 2758 non
1326 2715 1457 2773 semper

280 2816 429 2874 accurate
452 2812 654 2886 singulorum
681 2811 911 2871 vocabulorum
934 2811 1198 2885 formularumve,
1225 2827 1305 2885 quae
1326 2812 1455 2872 aliunde

280 2927 488 3002 deprompsit,
513 2925 581 2984 vim
605 2925 782 3000 perpendit.

325 3157 389 3216 313
413 3154 459 3214 De
483 3153 596 3213 eodem
619 3168 698 3213 cane
720 3153 884 3213 Eumaeus
906 3152 999 3214 dicit:

494 3266 519 3327 ei
540 3260 651 3326 τοιόσδ’
676 3265 721 3344 εἴη
744 3261 819 3344 ἠμὲν
842 3262 933 3344 δέμας
956 3262 1009 3345 ἠδὲ
1032 3262 1081 3325 καὶ
1104 3262 1174 3346 ἔργα
1196 3262 1252 3324 att.

324 3385 385 3444 Hic
408 3399 467 3443 vos
491 3397 566 3442 cum
589 3380 744 3454 Knightio
765 3375 818 3456 ἠδέ
837 3401 866 3439 τε
884 3375 977 3459 δέρμα
996 3379 1114 3453 legitis.
1136 3379 1253 3455 Satius,
1274 3380 1312 3438 ut
1331 3380 1452 3455 opinor,

279 3499 377 3558 fuerit
406 3497 487 3557 nihil
513 3496 651 3570 mutare,
675 3495 712 3552 ut
736 3492 835 3552 etiam
859 3508 876 3552 e
899 3492 1012 3552 literae
1036 3491 1184 3551 Aeolicae
1208 3492 1334 3551 defectu
1359 3508 1452 3566 appa·

280 3614 350 3672 reat
380 3596 699 3686 praestantissimum
727 3607 812 3666 hunc
834 3607 942 3666 locum
965 3621 985 3664 a
1007 3606 1184 3665 recentiore
1207 3607 1302 3679 poeta
1326 3621 1452 3679 compo·

280 3727 390 3785 situm.
415 3725 498 3784 Nam
518 3719 571 3800 ἠδέ
590 3742 618 3780 τε
637 3721 820 3795 legitimam
841 3734 913 3779 esse
932 3718 1164 3792 particularum
1185 3719 1451 3792 compositionem

280 3839 337 3899 vix
360 3839 463 3899 credo.

325 4067 389 4127 330
408 4081 477 4140 sqq.
498 4064 711 4124 Telemachus
731 4063 878 4123 omnium
896 4063 1021 4137 primus
1038 4062 1347 4137 appropinquantem
1363 4060 1451 4120 videt

279 4181 459 4241 Eumaeum
483 4180 626 4252 nutuque
651 4178 691 4237 ad
715 4193 750 4236 se
774 4179 885 4237 vocat:

804 4287 820 4351 ὃ
844 4287 877 4351 δὲ
898 4290 1054 4368 παπτήνας
1077 4287 1121 4350 ἕλε
1145 4289 1254 4370 δίφρον

390 4487 392 4494 Ι
456 4406 602 4485 κείμενον,
623 4403 700 4466 ἔνθα
723 4426 752 4464 τε
775 4402 892 4485 δαιτρὸς
916 4403 1046 4482 ἐφίζεσκε
1068 4401 1139 4484 κρέα
1161 4401 1255 4463 πολλὰ

458 4519 612 4600 δαιόμενος
636 4525 797 4598 μνηστῆρσι
820 4516 913 4595 δόμον
936 4517 1009 4577 κάτα
1033 4513 1245 4594 δαινυμένοισι·
