3270 5262
679 1636 939 1748 LIBER
982 1640 1083 1748 IX.

782 1918 977 1926 -ι--ι--ι-ι

340 2088 402 2147 203
434 2082 502 2162 squ.
535 2093 703 2167 Nusquam
734 2096 877 2170 apertius
907 2111 1091 2155 sermonem
1123 2096 1333 2156 Homericum
1358 2097 1469 2172 inepto

295 2205 494 2272 pronominis
518 2205 609 2266 αὐτόν
633 2225 694 2268 usu
717 2210 875 2269 violatum
898 2211 965 2270 vidi
992 2227 1089 2284 quam
1114 2211 1147 2270 in
1174 2211 1279 2271 hisce:

470 2314 558 2378 ’δῶκε
583 2319 614 2380 δέ
637 2345 687 2398 μοι
710 2331 841 2402 κρητῆρα
864 2323 1068 2403 πανάργυρον,
1091 2322 1183 2403 αὐτὰρ
1206 2323 1303 2384 ἔπειτα

472 2434 579 2493 ἀοῑνον
603 2433 634 2494 ἐν
657 2432 859 2514 ἀμφιφορεῦσι
884 2436 1019 2496 δυώδεκα
1042 2446 1132 2496 πᾶσιν
1156 2435 1293 2513 ἀφύσσας

472 2546 573 2623 λιμλὺν
597 2545 770 2626 ἀκηράσιον,
792 2554 878 2608 θεῖον
902 2549 1002 2610 ποιόν·
1027 2547 1097 2610 οόόέ
1120 2571 1162 2621 τις
1186 2547 1307 2610 αὐτὸν

474 2659 604 2721 affaldre
628 2662 736 2740 δμώων
760 2658 826 2724 οὐδ’
854 2662 1032 2740 ἀμφιπόλων
1056 2659 1099 2722 ι’νλ
1122 2663 1226 2748 ἀοίκφ.

341 2774 503 2848 Numquid
538 2776 726 2852 legendum:
764 2774 799 2836 οό
831 2800 873 2848 τις
905 2775 990 2836 ε’όνια
1021 2779 1057 2837 ut
1081 2779 1179 2837 simui
1204 2778 1282 2838 illud
1311 2774 1353 2836 ἐνὶ
1376 2779 1473 2862 roingo

296 2889 413 2949 habeat
434 2906 495 2963 quo
522 2892 703 2951 referatur?
726 2893 809 2951 Nam
834 2907 919 2952 nuno
938 2891 1046 2965 inepte
1068 2891 1256 2966 „attributi”
1277 2894 1380 2952 instar
1400 2894 1474 2953 sub-

297 3006 450 3066 stantivis
470 3004 577 3082 δμώων
597 3008 630 3066 et
649 3003 827 3083 ἀμφιπόλων
848 3007 1009 3067 adhaeret.
1025 3007 1143 3081 Quodsi
1157 3007 1330 3081 iungamus
1344 3004 1476 3065 εἨελόιι

297 3120 340 3182 ἐνὶ
363 3120 457 3206 ἀοίνῳ
477 3122 644 3196 participio
665 3122 759 3195 quale
779 3123 829 3182 est
848 3119 933 3182 ε’όνια
952 3137 1156 3195 nequaquam
1177 3137 1285 3182 carere
1297 3121 1474 3196 possimus.

299 3237 417 3298 Contra
440 3238 473 3296 in
493 3236 561 3295 his:

502 3348 604 3426 όηὸὺν
627 3346 790 3428 ἀκηράσιον
812 3352 899 3407 θεῖον
922 3344 1082 3426 ποιόν,οό
1104 3369 1147 3419 τις
1171 3345 1255 3408 ἐόντα

503 3461 633 3524 isfrido
658 3462 765 3540 δμώων
788 3456 855 3523 οὐδ’
881 3459 1060 3539 ἀμφιπόλων
1083 3459 1127 3522 ἐνὶ
1148 3463 1244 3547 rongi

301 3578 500 3654 pronominis
524 3577 570 3648 (fe
593 3591 623 3638 v.
649 3579 671 3637 t.
697 3580 737 3648 a.)
758 3576 905 3637 absentia
924 3577 1051 3651 egregie
1071 3577 1162 3637 decet
1182 3578 1361 3638 orationem
1374 3578 1473 3638 admi-

301 3693 436 3754 rationis
459 3693 598 3767 plenam.

347 3923 411 3982 329
432 3937 479 3996 sq.
548 3919 598 3982 καλ
624 3919 656 3982 τὸ
680 3916 733 3997 μὲν
757 3912 790 3980 εὖ
814 3917 965 3998 κατέθηκα
988 3920 1182 4000 κατακρύψας
1205 3918 1265 3981 ὑπὸ
1288 3921 1399 4007 κόπρῳ,

548 4033 568 4112 ἥ
591 4033 629 4114 ῥα
651 4031 725 4094 κατὰ
747 4031 849 4106 σπέεος
868 4028 982 4113 ’κέχυτο
1006 4029 1100 4114 μεγάλ’
1127 4030 1220 4112 ἤλιθα
1242 4033 1343 4112 πολλή.

349 4151 471 4212 Sanum
503 4165 575 4210 esse
606 4164 670 4210 non
701 4164 796 4224 posse
824 4142 919 4228 prydi'-
945 4149 1161 4210 libentissime
1184 4149 1276 4210 vobis
1298 4150 1476 4224 assentior;

302 4266 450 4340 quodque
468 4280 525 4338 pro
545 4280 582 4324 οο
602 4265 713 4338 reponi
732 4263 833 4323 vultis
853 4261 948 4341 μυχόν
967 4263 1165 4338 lepidissime
1182 4263 1478 4337 venustissimeque

304 4379 525 4454 excogitatum
547 4377 684 4454 videtur,
710 4378 743 4438 in
766 4379 896 4437 textum
919 4378 1031 4438 tamen
1054 4377 1194 4452 recipere
1217 4375 1276 4437 vix
1301 4379 1333 4438 et
1356 4393 1396 4436 ne
1421 4377 1478 4437 vix

303 4493 433 4569 quidem
464 4492 580 4552 ausim.
612 4492 721 4567 Neque
752 4491 840 4552 enim
871 4490 1044 4568 Cyclopem
1074 4491 1107 4551 in
1139 4490 1223 4552 antri
1255 4491 1307 4551 sui
1330 4490 1478 4551 sordibus
