3270 5262
721 683 761 743 31

153 871 311 933 Nausicaa
333 887 419 948 vero,
441 872 470 931 si
488 888 608 932 novam
619 871 793 931 lectionem
805 871 988 946 probamus,
1004 870 1173 930 certiorem
1186 872 1258 931 tant
1282 888 1327 932 m-

153 987 242 1046 modo
262 986 346 1046 facit
366 985 520 1058 Ulyssem
540 987 579 1045 de
596 985 808 1044 convivarum
819 985 1012 1058 praesentia.
1027 983 1098 1060 Gur,
1112 1000 1240 1058 quaeso.
1255 987 1327 1046 Pro-

151 1101 317 1174 perabitne
337 1099 476 1172 Ulysses
496 1100 623 1174 cognito
643 1115 751 1159 nunc
771 1100 901 1159 etiam
921 1115 992 1159 esse
1011 1099 1138 1160 Alcinoi
1158 1099 1245 1159 domi
1257 1114 1327 1158 con-

151 1213 240 1272 vivas
261 1215 322 1274 sed
344 1213 430 1272 haud
451 1213 504 1273 diu
524 1215 568 1273 ibi
588 1215 784 1273 mansuros?
805 1214 910 1272 Immo
930 1227 1006 1272 vero
1019 1213 1183 1286 aliquanto
1197 1213 1327 1288 diutius

151 1343 245 1400 quam
280 1330 322 1388 ad
355 1328 559 1388 rumusculos
590 1328 671 1404 illos,
704 1328 883 1387 Nausicaae
915 1329 1047 1403 invisos
1075 1327 1225 1387 vitandos
1250 1342 1330 1401 opus

150 1441 198 1499 est
227 1457 332 1516 prope
363 1441 489 1502 iontem
519 1442 580 1501 sibi
611 1442 789 1501 indicatum
820 1442 985 1501 desidebit.
1014 1442 1097 1501 Nam
1121 1443 1182 1500 hoc
1205 1456 1330 1514 quoquo

150 1568 166 1610 e
184 1555 353 1614 Nausicaa
372 1556 469 1630 audit,
492 1557 567 1614 ante
588 1555 697 1614 omnia
716 1555 778 1614 sibi
798 1570 877 1628 opus
899 1571 970 1614 osso
990 1556 1129 1637 reginae,
1151 1555 1330 1614 Nausicaae

149 1669 275 1744 matris
310 1669 506 1743 patrocinio:
539 1670 579 1728 ad
609 1683 707 1742 quam
735 1668 886 1728 accedere
910 1671 947 1728 ut
970 1683 1075 1743 genua
1099 1669 1168 1727 eius
1193 1667 1330 1741 amplec-

149 1783 236 1840 tatur
267 1781 427 1841 facillime
457 1783 576 1857 poterit
607 1781 685 1840 dum
715 1782 785 1842 sola
816 1781 907 1841 sedet
937 1782 989 1841 vel
1014 1797 1089 1841 cum
1112 1797 1177 1841 uno
1201 1781 1329 1842 marito.

149 1893 316 1955 Convivae
345 1911 430 1971 vere,
456 1895 586 1954 etiamsi
610 1911 665 1954 eos
689 1911 753 1954 non
777 1896 901 1970 timeat,
927 1897 1038 1954 tamen
1062 1895 1331 1969 appropinquanti

149 2009 331 2069 obstabunt
350 2009 403 2068 vel
423 2009 523 2069 eiiam
543 2009 691 2084 ignotum
710 2009 877 2068 hominem
897 2009 987 2068 aditu
999 2023 1107 2068 arcere
1120 2009 1330 2068 conabuntur.

151 2122 316 2196 Quamdiu
349 2123 395 2182 1111
426 2124 544 2182 adsunt
575 2124 737 2182 Minervae
764 2123 848 2182 nube
879 2138 959 2197 opus
987 2123 1064 2197 erit;
1089 2122 1241 2197 profectis
1265 2123 1332 2181 iam

150 2251 260 2296 carere
298 2251 339 2295 ea
372 2236 510 2310 Ulysses
544 2237 671 2310 poterit.
708 2236 790 2311 Ergo
826 2239 883 2296 aut
916 2236 996 2296 nihil
1030 2234 1167 2296 interest
1200 2237 1331 2310 Ulyssis

150 2351 298 2409 etiamne
331 2349 439 2409 adsint
470 2351 625 2410 convivae
657 2365 698 2409 an
729 2366 771 2409 ex
798 2349 930 2410 aedibus
953 2349 1080 2411 Alcinoi
1103 2351 1250 2425 exierint,
1276 2351 1333 2410 aut

152 2463 212 2522 hoc
243 2463 357 2536 magis
388 2479 405 2522 o
436 2479 470 2522 re
502 2463 570 2522 eius
602 2465 652 2523 est
683 2478 781 2536 quam
811 2463 899 2522 illud.
933 2463 966 2522 Si
993 2479 1057 2523 non
1081 2464 1150 2538 ipso
1173 2464 1332 2523 adventus

151 2577 314 2650 tempore,
337 2577 371 2634 at
389 2577 544 2650 postridie
563 2591 659 2635 mane
679 2576 798 2635 ibidem
818 2577 1002 2636 Phaeacum
1021 2579 1189 2637 senatores
1200 2577 1331 2652 videbit,

152 2703 233 2761 quos
269 2689 418 2762 cognitos
446 2688 564 2748 habere
588 2705 782 2763 magnopere
807 2690 836 2748 ei
859 2689 1016 2764 proderit;
1041 2690 1135 2762 idque
1158 2690 1260 2764 patris
1283 2690 1335 2750 sui

152 2803 241 2862 domi
278 2800 348 2860 fieri
379 2818 483 2878 posse,
508 2803 610 2863 immo
633 2803 780 2862 futurum
804 2818 885 2879 esse,
912 2803 1058 2864 consulto
1082 2805 1222 2878 prudens
1247 2805 1334 2863 addit

152 2916 264 2989 puella
288 2915 458 2976 nefacere
482 2916 565 2989 quod
588 2917 737 2976 iubeatur
761 2917 878 2990 hospes
902 2916 1036 2976 dubitet.
1059 2916 1147 2975 Nihil
1171 2932 1246 2991 ergo
1266 2932 1333 2976 mu-

152 3030 295 3090 tandum
320 3043 434 3089 censeo
458 3046 498 3089 ne
521 3032 631 3105 pereat
655 3030 733 3089 iilud
759 3031 924 3106 „cognitos
947 3030 1111 3090 habebis.”
