3310 5262
826 635 867 692 96

263 837 384 882 vacuus
419 823 492 897 apte
526 823 629 898 possit
663 821 799 896 impleri.
836 820 916 895 Quid
951 821 1024 879 addi
1054 822 1161 894 potest
1191 821 1238 880 ita
1264 821 1300 880 ut
1322 822 1440 881 tamen

262 937 424 996 sententia
458 951 522 995 non
553 936 799 1010 corrumpatur?
822 934 874 993 Nil
905 934 968 993 nisi
1003 934 1164 993 molarum
1196 949 1361 995 numerus.
1397 937 1441 995 Et

263 1064 360 1122 quem
394 1049 486 1109 illum
520 1049 621 1108 fuisse
641 1035 827 1124 putemus?
855 1047 925 1107 Nisi
951 1047 1059 1122 ipsum
1081 1048 1179 1107 unius
1203 1047 1347 1122 syllabae
1367 1064 1440 1128 spa-

262 1162 346 1221 tium
369 1162 459 1222 brevi
482 1162 608 1236 syllaba
630 1163 841 1237 praecedente
865 1161 896 1221 id
920 1161 1049 1237 diceret,
1076 1177 1118 1221 ex
1140 1177 1237 1221 versu
1265 1165 1440 1237 sequente:

484 1284 549 1359 τῇσι
574 1272 708 1335 δυώδεκα
731 1284 824 1334 πᾶσαι
847 1271 1027 1352 ἐπερρώοντο
1055 1279 1193 1355 γυναῖκες

263 1389 471 1449 disceremus.
502 1388 598 1449 Nulla
628 1390 738 1449 autem
768 1388 857 1448 mola
888 1389 1046 1448 eiusmodi
1078 1403 1150 1448 esse
1176 1389 1293 1465 potest,
1318 1389 1396 1463 quin
1421 1405 1443 1448 a

262 1496 347 1562 binis
369 1502 554 1562 hominibus
578 1503 705 1586 egregie
729 1503 975 1577 circumagatur.
1001 1499 1186 1576 Legendum
1210 1518 1319 1577 ergo:-

439 1613 574 1692 πλησίον,
596 1609 658 1674 ἕνθ’
685 1612 742 1693 ἄρα
765 1611 818 1687 st}
843 1615 932 1691 μύλαι
956 1604 1033 1692 ἦσαν
1056 1611 1175 1692 ποιμένι
1202 1618 1281 1674 λαῶν

264 1729 329 1804 aut,
354 1728 385 1788 id
409 1730 493 1804 quod
516 1729 726 1790 verisimilius
750 1729 887 1806 videtur,
912 1729 990 1789 olim
1014 1705 1172 1804 scriptum
1195 1729 1273 1790 fuit:

441 1843 577 1922 πλησίον,
598 1837 659 1903 ἔνθ’
687 1839 745 1921 ἄρα
766 1838 820 1916 fb}
844 1842 934 1919 μύλαι
957 1839 1082 1901 ἕστασαν

264 1958 297 2017 et
331 1959 525 2032 sequebatur
558 1959 624 2018 fere
659 1953 776 2042 ὀρχάμῳ
812 1954 941 2034 ἀνδρῶν,
974 1958 1031 2016 sed
1066 1958 1194 2032 irrepsit
1232 1974 1442 2032 synonymon

263 2071 416 2131 usitatius
440 2068 557 2148 ποιμένι
580 2076 669 2147 λαῶν,
693 2072 776 2145 quod
799 2072 1003 2146 praecedenti
1027 2071 1123 2131 verbo
1151 2072 1251 2132 exitio
1278 2072 1347 2132 fuit.

311 2297 371 2355 115
408 2311 476 2370 sqq.
501 2296 572 2355 Non
606 2296 695 2356 solus
726 2296 863 2369 Ulysses
894 2295 1038 2355 faustum
1070 2296 1148 2356 illud
1182 2297 1304 2356 tonitru
1338 2298 1441 2373 audit,

264 2410 320 2467 sed
363 2409 463 2468 etiam
498 2409 614 2468 ancilla
653 2425 717 2468 una
756 2424 837 2483 quae
872 2409 988 2468 ceteris
1022 2410 1255 2470 dormientibus
1289 2411 1443 2470 molendo

265 2521 365 2580 etiarn
392 2524 451 2597 est,
477 2523 572 2595 atque
596 2523 642 2581 ita
665 2537 761 2581 omen
786 2522 902 2596 accipit
926 2523 963 2580 ut
981 2537 1151 2596 procorum
1178 2524 1348 2597 protendat
1371 2539 1441 2597 per-

265 2634 382 2693 niciem
405 2635 627 2709 propinquam.
652 2636 805 2694 Precatur
828 2650 902 2709 ergo
930 2635 1058 2694 Iovem:

442 2746 574 2825 κρηηνόν
597 2769 654 2806 νυν
679 2743 741 2824 ἐμοὶ
766 2747 869 2831 ὃέειλῇ
893 2745 996 2825 λέπος,
1019 2744 1077 2808 ὅττι
1094 2733 1131 2808 κε
1154 2749 1257 2809 λείπω·

441 2869 604 2938 μνηστῆρες
627 2861 763 2937 πύματόν
785 2882 814 2920 τε
837 2857 888 2920 καλ
910 2859 1036 2922 ὕστατον
1060 2859 1149 2939 ἤματι
1171 2863 1244 2944 τῷδε

418 2959 474 3034 ’ἐν
497 2969 642 3054 μεγάροιο]
666 2968 809 3052 Ὀδυσῆος
832 2972 945 3035 ἑλοίατο
969 2970 1039 3035 δαῖτ’
1068 2973 1228 3056 ἐρατεινὴν,

442 3089 472 3147 οἳ
494 3087 532 3165 δή
556 3110 606 3166 μοι
633 3088 752 3174 καμάτῳ
776 3086 922 3169 θυμαλγέι
945 3085 1062 3170 γούνατ’
1088 3087 1195 3150 ἔλυσαν

441 3198 549 3278 ἄλφιτα
572 3203 723 3286 τεοχούση·
747 3211 805 3262 νῦν
827 3201 938 3262 ὕστατα
961 3202 1159 3279 δειπνήσειαν.

309 3319 345 3377 ln
369 3318 516 3392 margine
540 3319 580 3378 ad
603 3319 757 3379 ultimum
780 3334 913 3378 versum
936 3319 1105 3394 notandus,
1130 3321 1167 3378 ut
1190 3318 1310 3394 opinor,
1331 3295 1441 3378 iuerat

265 3436 294 3490 A
336 3434 410 3493 232.
446 3433 530 3493 Nam
566 3415 762 3507 quamquam
797 3433 863 3493 illic
898 3439 955 3491 νῦν
985 3430 1093 3492 ὕστατα
1125 3430 1273 3509 λωβήσαιο
1307 3431 1437 3508 legitur,

264 3549 375 3606 tamen
399 3549 467 3606 tam
491 3547 610 3606 similis
633 3549 683 3606 est
706 3547 873 3620 utriusque
896 3562 1010 3606 versus
1034 3562 1133 3606 sonus
1156 3547 1193 3606 ut
1216 3546 1348 3606 dubium
1371 3561 1439 3605 non

265 3663 308 3722 sit
331 3662 408 3736 quin
430 3662 527 3721 huius
549 3662 611 3722 loci
634 3663 729 3736 poeta
752 3661 806 3721 illo
830 3677 872 3720 ex
895 3661 994 3720 Iliade
1017 3676 1096 3721 usus
1123 3661 1167 3720 sit
1200 3661 1304 3736 idque,
1329 3662 1366 3720 ut
1388 3657 1436 3737 flt,

264 3775 374 3835 minus
405 3776 486 3849 apte.
517 3775 588 3834 Non
612 3775 699 3834 enim
729 3774 833 3849 primo
861 3789 957 3862 mane
984 3775 1040 3834 sed
1065 3790 1139 3834 cum
1168 3774 1314 3834 maxime
1343 3789 1437 3847 pran-

265 3888 354 3948 dium
389 3888 588 3962 capientibus
611 3887 716 3963 procis
740 3887 898 3947 eiusmodi
921 3887 1041 3961 aliquid
1064 3886 1234 3961 imprecari
1258 3887 1436 3961 oportebat.

265 4000 311 4061 Of.
343 4003 509 4075 praeterea
536 4017 584 4061 vs.
612 4002 673 4061 115
697 4001 832 4060 verbum
856 3999 988 4079 κρήηνον
1013 4004 1046 4060 et
1068 4001 1141 4060 vide
1164 4015 1246 4074 quae
1270 4001 1436 4060 annotavi-

265 4131 340 4174 mus
363 4115 403 4174 ad
426 4130 444 4172 σ
466 4116 507 4175 47
534 4117 566 4175 et
591 4117 642 4176 65.

312 4340 373 4399 194
405 4355 474 4414 sqq.
504 4339 682 4400 Philoetius
712 4339 869 4399 bubulcus
901 4340 971 4400 viso
994 4339 1113 4413 Ulysse
1136 4339 1316 4400 Eumaeum
1342 4343 1437 4414 rogat

265 4453 337 4525 quis
360 4455 393 4512 et
415 4454 499 4514 unde
522 4453 576 4512 ille
600 4453 652 4528 sit,
678 4453 845 4527 additque:
