3270 5262
255 2125 300 2182 26
326 2139 396 2196 sqq.
421 2123 525 2183 Verba
549 2125 711 2183 Minervae
734 2126 773 2184 ad
798 2125 1028 2185 Telemachum
1054 2126 1134 2184 haee
1157 2126 1252 2183 sunt:

400 2231 558 2315 Τηλέμαχ’,
581 2235 653 2296 tna
676 2234 729 2314 μὲν
753 2236 842 2309 αὐτὸς
865 2236 908 2297 ἐνὶ
932 2236 1018 2316 φρεσὶ
1042 2247 1109 2321 σῇσι
1132 2237 1260 2313 νοήσεις,

397 2460 432 2522 ot
456 2479 487 2522 σε
511 2468 592 2522 θεῶν
616 2459 738 2540 &finan
761 2461 900 2543 γενέσθαι
924 2485 953 2523 τε
973 2461 1120 2542 τραφέμεν
1143 2483 1180 2521 τε.

258 2579 292 2637 Si
314 2595 428 2638 verum
448 2582 500 2639 est
518 2580 599 2652 quod
622 2581 785 2639 annotatis
805 2581 865 2639 hoc
886 2596 949 2640 uno
966 2581 1035 2640 loeo
1049 2579 1158 2638 iterari
1172 2578 1389 2652 negationem,

205 2698 243 2752 et
262 2773 263 2776 Ἴ
281 2693 359 2764 quin
391 2709 503 2752 verum
535 2693 578 2752 sit
609 2708 672 2752 non
703 2693 830 2753 dubito:
863 2710 945 2766 quae
977 2694 1065 2753 enim
1097 2693 1233 2752 conferri
1265 2709 1391 2766 posse

204 2809 357 2864 tamen
382 2805 488 2866 dicitis

396 2922 421 2976 Δ
445 2920 526 2979 512:
574 2917 610 2978 οὐ
635 2916 694 2996 μὰν
718 2915 784 2979 οὐδ’
809 2915 937 2998 Ἀχιλεύς
960 2918 1015 2981 ιιτὲ.
1041 2922 1093 2981 vel

395 3033 419 3089 Β
443 3034 523 3092 703:
572 3029 643 3092 οὐδὲ
666 3032 719 3109 μὲν
743 3027 811 3093 οὐδ’
839 3032 873 3092 οἵ
890 3029 1013 3113 ἄναρχοι
1037 3033 1108 3093 ἴσον

206 3145 428 3204 diversissimi
459 3149 536 3207 sunt
566 3147 703 3220 generis
737 3148 770 3204 Si
801 3147 847 3206 ita
877 3163 929 3206 res
958 3165 993 3207 se
1022 3148 1120 3207 habet
1142 3148 1196 3207 hie
1219 3139 1237 3224 ἧ
1260 3144 1315 3225 γὰρ
1340 3143 1391 3206 ὀίω

207 3259 386 3331 legendum
418 3261 488 3319 erit.
521 3259 566 3319 Cf.
601 3266 638 3334 A,
662 3261 720 3318 78:
747 3252 765 3338 ἧ
789 3258 844 3339 γὰρ
868 3257 967 3337 ὀίομαι
991 3264 1024 3321 et
1052 3265 1085 3325 Ε,
1109 3262 1190 3320 278ζ
1216 3252 1234 3338 ἧ
1258 3260 1335 3337 μάλα
1359 3255 1387 3318 α’

209 3371 248 3430 οὐ
273 3368 360 3449 βέλος
385 3368 446 3431 ὠκὺ
471 3372 649 3449 δαμάσσατο.

259 3601 323 3658 113
348 3615 395 3671 sq.
420 3600 580 3660 Mentione
604 3601 690 3660 saeta
714 3601 857 3660 virorum
881 3602 1145 3676 fortissimorum,
1173 3604 1226 3676 qni
1252 3602 1391 3661 inbelle

210 3713 352 3771 Troiane
379 3713 575 3788 ceciderunt„
598 3715 677 3774 haee
701 3716 789 3774 addit
812 3716 946 3776 Nestor:

349 3821 421 3883 ἄλλα
445 3845 473 3884 τε
497 3821 583 3885 πόλλ’
610 3825 657 3885 ἐπὶ
681 3822 753 3898 τοῖς’
768 3828 907 3905 πάθομεν
931 3829 1023 3890 κακά·
1048 3830 1090 3902 τίς
1112 3851 1163 3888 nav
1188 3828 1284 3889 ἐκεῖνα

349 3936 445 3996 πάντα
468 3961 499 4018 γε
522 3939 691 4016 μυθήσαιτο
716 3947 912 4017 καταθνητῶν
938 3942 1128 4020 οἰνθρώιτων;

258 4054 329 4111 Non
372 4056 438 4112 tam
483 4055 630 4128 displicet
672 4058 776 4116 tonna
818 4059 947 4118 novicia
990 4055 1086 4118 ἐκεῖνα
1126 4065 1211 4128 (enm
1252 4074 1391 4131 praeser-

209 4170 273 4227 tim
310 4169 412 4226 altera
445 4168 550 4228 forma
581 4171 708 4228 novicia
740 4175 798 4240 τοί,Ι
830 4173 919 4233 nullo
951 4176 1047 4236 mado
1082 4174 1245 4235 emendari
1279 4175 1391 4246 possin

209 4297 312 4356 qnam
343 4283 452 4341 innata
484 4283 547 4342 ista
579 4281 674 4341 ἐκεῖνα
706 4284 801 4341 πάντα
830 4307 870 4364 γε.
895 4304 977 4362 quae
1001 4289 1132 4348 ubertas
1158 4289 1392 4363 praestantiam

209 4395 276 4454 loci
307 4396 399 4467 piane
431 4398 628 4468 pessumdat.
662 4398 746 4471 Quid
773 4402 860 4458 enim
889 4391 1002 4462 senem
1028 4403 1263 4474 singultantem
1287 4401 1393 4473 magis

209 4523 312 4582 quam
343 4509 526 4581 loquentem
555 4511 664 4568 minus
692 4513 783 4571 decet
806 4528 905 4586 quam
929 4515 1042 4590 putida
1065 4514 1232 4588 diligentia
1255 4530 1336 4586 quae
1360 4515 1394 4573 in
