3270 5262
526 1504 786 1615 LIBER
831 1502 1030 1613 XVII.

679 1788 873 1796 ...—

235 1965 278 2023 10
311 1978 380 2038 sqq.
413 1965 462 2024 Ad
493 1964 607 2023 urbem
636 1962 842 2038 proficiscens
877 1961 1090 2021 Telemachus
1121 1959 1262 2018 Eumaeo
1285 1958 1366 2017 haec

178 2077 343 2138 mandat:

367 2187 418 2249 τὸν
442 2190 538 2262 ξεῖνον
562 2188 710 2267 δύστηνον
732 2184 775 2268 ty’
802 2187 831 2261 ἐς
854 2187 951 2265 πόλιν,
974 2182 1055 2264 ύφροι
1077 2206 1110 2244 aa
1132 2188 1211 2244 ιιεῖύι

368 2304 453 2364 δαῖτα
476 2304 618 2389 πτωχεύῃ·
643 2304 730 2364 δώσει
755 2301 788 2363 (λε’
809 2305 862 2364 ἔοι
885 2302 917 2375 ὅς
940 2297 963 2361 κ’
990 2298 1109 2384 ἕθέλησι

368 2418 484 2496 πύρνον
507 2416 557 2478 καλ
581 2418 716 2495 κοτύλην·
741 2414 791 2496 ἐμὲ
815 2411 844 2477 δ’
871 2413 907 2476 ού
931 2436 994 2487 πως
1017 2413 1095 2474 ἔστιν
1119 2411 1251 2484 ἅπαντας

369 2529 551 2611 ἀνθρώπους
575 2528 733 2611 ἀνέχεσθαι
757 2529 859 2610 ἔχοντά
882 2551 936 2608 περ
959 2526 1048 2627 &hysa
1071 2533 1169 2612 θυμῷ.
1253 2561 1254 2564 ¹

369 2639 386 2704 ὃ
410 2645 503 2718 ξεῖνος
527 2640 554 2706 δ’
581 2645 611 2706 εἴ
629 2667 683 2725 περ
707 2645 784 2724 μύλα
808 2644 916 2722 μηνίει,
939 2641 1042 2723 ἄλγιον
1066 2639 1145 2725 αύτῷ

369 2756 488 2818 ἔσσεται·
511 2750 530 2837 ἦ
551 2757 607 2840 γὰρ
631 2757 695 2838 ἐμοὶ
719 2754 776 2834 φίλ’
803 2756 918 2836 ἀληθέα
941 2755 1149 2834 μυθήσασθαι.

234 2870 293 2929 Bis
311 2886 365 2931 me
384 2873 437 2933 hic
456 2874 590 2947 offendit
610 2874 803 2934 vocabulum
824 2870 840 2932 ὅ
860 2875 1029 2946 tamquam
1046 2870 1202 2930 articulus
1214 2869 1366 2943 positum.

186 2986 339 3045 Primum
371 3003 417 3047 vs.
453 2989 503 3048 10.
535 2990 619 3048 Nam
650 2989 733 3062 quod
764 2988 804 3047 ad
834 2987 925 3047 iilum
953 2985 1161 3044 Aristarchus
1185 2983 1369 3043 conferebat

189 3100 220 3156 Φ
246 3099 309 3158 317
334 3100 406 3173 quis
430 3117 494 3162 non
515 3102 602 3161 videt
623 3103 781 3174 quantum
801 3100 954 3160 intersit?
974 3098 1043 3159 Illic
1065 3099 1152 3158 enim
1173 3095 1369 3156 Scamander

187 3211 368 3272 Simoentis
402 3215 561 3274 auxilium
597 3216 709 3275 contra
742 3213 904 3274 Achillem
938 3213 1077 3287 invocat,
1114 3213 1147 3270 et
1178 3224 1275 3284 quam
1307 3209 1369 3268 sibi

187 3340 384 3399 persuasum
415 3329 534 3388 habeat
564 3328 656 3388 iilum
688 3327 727 3386 ab
760 3326 916 3386 ambobus
948 3327 1072 3386 victum
1100 3324 1369 3399 profligatumque

189 3439 233 3498 iri
256 3439 304 3499 sic
326 3439 504 3514 significat:

371 3549 449 3630 φημὶ
472 3550 527 3632 γὰρ
551 3550 618 3614 ούνε
642 3551 712 3631 βίην
736 3545 957 3631 χραισμησέμεν’
984 3547 1051 3610 ούτε
1074 3573 1101 3609 τι
1123 3549 1225 3620 felioc

372 3662 438 3725 οὔτε
461 3663 497 3725 τὰ
520 3665 621 3744 τεύχεα
645 3663 729 3725 καλά.

239 3779 402 3853 Quantum
424 3780 477 3839 hic
500 3780 687 3840 acerbitatis
710 3781 796 3842 inest
815 3781 849 3840 in
868 3779 975 3840 verbis
995 3776 1029 3837 τὰ
1049 3779 1151 3857 τεύχεα
1170 3777 1264 3838 ania:
1285 3780 1371 3838 ista

191 3892 372 3969 pulchra
406 3897 537 3969 arma,
574 3910 735 3969 quamque
770 3895 841 3969 ipsa
875 3894 1034 3954 acerbitas
1070 3894 1160 3954 decet
1195 3893 1292 3952 deum
1323 3893 1371 3951 ira

191 4008 373 4066 incensum.
397 4006 441 4066 At
464 4006 517 4066 hic
539 4005 590 4066 τόν
614 4007 660 4066 nii
683 4008 746 4068 nisi
769 4005 802 4066 τὸ
825 4003 948 4084 κεχηνὸς
967 4013 1020 4066 τοῦ
1038 4003 1144 4085 μέτρου
1164 4005 1288 4081 implet.
1310 4005 1371 4064 Sed

193 4121 423 4193 corruptumne
442 4134 575 4179 versum
595 4120 702 4180 dicam
721 4136 763 4180 an
783 4121 933 4194 imperite
952 4121 1115 4180 structum
1131 4119 1273 4179 incertus
1285 4134 1369 4178 sum.

193 4233 304 4305 Neque
327 4233 437 4291 minus
459 4233 637 4293 molestum
660 4234 742 4293 mihi
765 4249 814 4293 vs,
842 4234 881 4293 14
905 4229 921 4292 ὃ
946 4233 1049 4305 ξεῖνος.
1074 4233 1140 4312 ΙΠο
1157 4247 1234 4292 vero
1258 4246 1372 4290 versus

193 4345 270 4419 quid
294 4345 425 4405 omnino
448 4346 510 4405 sibi
534 4347 613 4407 velit
636 4363 700 4406 non
724 4349 853 4421 exputo.
878 4348 930 4406 An
954 4347 1014 4407 hoc
1039 4346 1116 4406 dicit
1139 4345 1371 4405 Telemachus:

199 4459 271 4533 „hic
290 4474 364 4518 vero
385 4459 512 4536 hospes,
533 4461 562 4520 si
581 4461 662 4519 mihi
682 4461 885 4521 succensebit
905 4461 998 4535 (quod
1018 4459 1196 4519 mendicari
1216 4474 1251 4518 se
1264 4457 1372 4517 sinam
