3310 5262
739 633 780 691 95

363 821 516 902 μερμήριζε
540 815 568 882 δ’
595 813 692 898 ἔπειτ’,
714 816 836 896 ἐδόκησε
861 814 894 878 δέ
915 818 968 879 fot
989 815 1064 878 κατὰ
1087 817 1189 897 θυμὸν

353 934 412 1016 ἤδη
434 934 640 1017 γιγνώσκουσα
662 931 878 1015 παρεστάμεναι
900 934 1059 1009 κεφαλῆφι.

221 1052 263 1111 95
352 1053 474 1130 χλαῖναν
498 1045 552 1128 μὲν
575 1045 707 1110 σονιλδον
728 1043 779 1107 καλ
801 1044 888 1124 κοόεα,
909 1049 1003 1106 τοῖσιν
1029 1041 1146 1124 ένηῦδε,

353 1161 382 1238 ές
405 1162 533 1246 μέγαρον
555 1160 719 1240 κατέθηκεν
742 1158 790 1222 dd
812 1159 938 1241 θρόνον,
961 1157 993 1221 έκ
1015 1155 1048 1220 δέ
1070 1159 1173 1239 βοείην

349 1272 438 1356 ’θῆκε
459 1278 572 1357 θύραζε
595 1273 705 1356 φέρων,
726 1273 796 1336 κτέ.

216 1392 340 1454 Versus
353 1394 394 1453 93
408 1408 455 1466 sq.
469 1393 576 1466 inepte
588 1391 741 1467 nugantis
754 1405 826 1450 esse
838 1391 952 1464 possae
963 1388 1123 1449 videntur.
1136 1387 1258 1448 Versus
1269 1403 1346 1448 vero

170 1507 304 1567 95-91
326 1521 390 1566 non
408 1506 501 1567 video
521 1505 680 1579 quomodo
692 1504 726 1563 in
737 1519 851 1578 pacem
863 1504 1016 1563 reducam
1028 1518 1102 1563 cum
1118 1502 1207 1563 hisce
1220 1503 1346 1574 (1—3):
1460 1565 1462 1569 ,

352 1617 446 1699 αὐτὰρ
469 1613 541 1680 δέν
564 1617 706 1703 προδόμῳ
729 1615 871 1696 ηόνόζετο
891 1617 954 1689 δῖος
976 1612 1145 1689 Ὀδυσσεύς·

351 1731 411 1811 κὰμ
430 1729 487 1811 μέν
510 1729 662 1810 ἀδέψητον
685 1728 777 1810 βοέην
797 1724 931 1810 ’στόρεσ’,
953 1727 1046 1810 αὐτὰρ
1069 1729 1182 1812 ὕπερθε

351 1847 428 1908 κώεα
451 1842 530 1909 πόλλ’
557 1843 639 1924 δίων,
660 1843 730 1918 τοὺς
754 1844 905 1926 ἱρεύεσκον
929 1843 1044 1923 Ἀχαιοί.

218 2074 283 2133 102
307 2089 374 2149 sqq.
407 2074 561 2134 Precatur
591 2089 611 2132 a
640 2073 702 2134 diis
724 2072 862 2146 Ulyssss
888 2073 925 2131 ut
947 2071 1009 2130 sibi
1033 2072 1066 2130 et
1089 2072 1183 2130 extra
1206 2072 1239 2130 et
1261 2071 1347 2132 intra

168 2189 270 2247 aedes
294 2203 390 2248 omen
412 2188 587 2263 propitium
609 2187 777 2247 mittatur:

351 2291 391 2371 ὧς
414 2295 492 2377 ἔφατ’
520 2298 687 2378 εὐχόμενος,
709 2307 762 2359 τοῦ
787 2293 818 2358 δ’
845 2297 928 2358 ἔκλυε
951 2296 1069 2376 μητίετα
1095 2298 1178 2369 Ζεύς’

352 2412 457 2475 αὐτίκα
482 2408 511 2472 δ’
538 2411 714 2492 ἐβρόντησεν
738 2407 784 2471 ἀπ’
811 2411 980 2491 αἰγλήεντος
999 2406 1160 2488 Ὀλύμπου.

351 2526 456 2605 φήμην
480 2522 509 2586 δ’
537 2525 569 2586 ἐκ
593 2525 711 2587 έοίκοιο
734 2524 811 2606 μονὴ
835 2522 980 2604 προέηκεν
1003 2523 1115 2604 ἀλετρὶς

351 2640 486 2718 πλησίον,
509 2639 565 2700 ένθ
587 2637 645 2719 όρα
667 2641 719 2701 fot
743 2640 832 2718 μόλαι
855 2639 928 2718 ἥατο
950 2636 1069 2717 ποιμένι
1092 2644 1181 2718 λαῶν,

351 2763 417 2838 τησι
440 2752 575 2814 δυώδεκα
597 2763 690 2814 πᾶσαι
713 2751 894 2834 ἐπερρώοντο
917 2757 1064 2833 γυναῖκες.

214 2869 375 2941 Equidem
408 2884 537 2944 Semper
570 2869 618 2930 Sic
650 2869 823 2944 putabam:
858 2865 893 2926 τὰ
927 2863 981 2945 μέν
1015 2864 1117 2947 όψυχα
1151 2864 1172 2946 ἢ
1205 2873 1297 2928 κεῖται
1326 2866 1346 2948 δη

168 2978 282 3059 ἕστηκε,
307 2979 342 3040 τὰ
366 2975 396 3040 δ’
423 2979 541 3061 έμψνχα
563 2977 681 3058 προσέτι
704 2977 753 3040 καὶ
775 2978 916 3057 κάθηται,
938 2982 994 3041 sed
1018 2997 1103 3042 nunc
1126 2982 1232 3042 subito
1256 2981 1345 3056 lego:

172 3095 263 3170 „illic
292 3096 398 3156 molae
434 3097 684 3156 sedebant'’?
720 3095 873 3169 Aequone
905 3095 1013 3155 animo
1045 3095 1213 3156 ferendum
1243 3096 1346 3156 illud?

168 3209 243 3270 Non
274 3209 394 3284 opinor.
426 3211 588 3284 proponat
617 3210 712 3269 modo
744 3208 805 3268 sibi
836 3208 953 3282 aliquis
976 3210 1054 3282 quot
1076 3210 1147 3268 vult
1170 3209 1267 3285 Ιοοοε,
1291 3209 1346 3269 ubi

170 3319 259 3383 nunc
283 3323 390 3398 aliqua
420 3339 472 3384 res
496 3325 606 3384 anima
629 3339 742 3384 carens
769 3326 887 3381 κεῖσθαι
910 3323 962 3382 vel
985 3320 1104 3382 ἑστάναι
1127 3322 1252 3399 dicitur,
1277 3323 1344 3384 nul·

170 3436 244 3496 lum
277 3440 389 3498 tamen
419 3439 452 3496 in
483 3439 574 3498 tanto
605 3453 740 3515 numero
764 3437 916 3513 inveniet,
942 3437 997 3497 ubi
1019 3453 1084 3497 non
1107 3438 1282 3498 absurdum
1302 3438 1346 3496 sit

170 3551 309 3611 verbum
343 3555 501 3629 καθῆσθαι
530 3568 700 3628 reponere;
725 3567 802 3612 nam
830 3553 957 3626 praeter
979 3551 1065 3611 hunc
1087 3552 1212 3611 nullum
1236 3551 1344 3612 inven-

171 3665 246 3724 tum
280 3665 328 3740 iri,
364 3665 419 3724 ubi
452 3666 577 3740 legatur
611 3667 686 3741 iam,
721 3667 779 3725 vix
813 3681 893 3740 opus
928 3666 1041 3726 dicere.
1074 3667 1136 3725 Sed
1167 3667 1200 3725 et
1223 3665 1346 3727 accedit

172 3780 284 3839 nostro
319 3778 388 3838 loco
419 3779 538 3852 aliquid
565 3780 649 3854 quod
679 3780 736 3839 vix
764 3794 978 3853 concoquam:
1003 3780 1099 3837 fot...
1124 3775 1242 3855 ποιμένι
1265 3781 1345 3836 λαῶν

173 3891 334 3966 Quorsum
369 3893 433 3953 ista
467 3893 656 3969 emphasis?
690 3889 808 3969 ποιμένι
843 3896 923 3952 λαῶν
958 3891 1137 3966 sufficeret;
1172 3907 1250 3951 nam
1284 3891 1345 3951 hoc

172 4005 277 4065 voluit
309 4007 420 4080 posta:
459 4005 523 4082 „ibi
557 4006 688 4066 stabant
722 4006 838 4081 molae,
874 4006 990 4080 quibus
1024 4021 1121 4066 omne
1144 4004 1345 4064 frumentum

172 4121 257 4191 quod
287 4120 416 4180 domino
446 4119 543 4180 villae
575 4121 613 4180 de
643 4120 712 4179 suis
742 4120 867 4180 redibat
897 4120 992 4195 agris
1025 4119 1215 4179 molebatur.
1244 4118 1343 4192 Ergo:

172 4226 234 4291 ἕνθ’
260 4228 318 4311 όίρα
341 4233 431 4311 μύλαι
453 4223 531 4310 ἦσαν
554 4229 672 4308 ποιμένι
695 4235 783 4291 λαῶν.
808 4233 891 4292 Nam
916 4223 992 4310 ἦσαν
1015 4233 1188 4307 legendum
1215 4232 1265 4290 est
1288 4232 1345 4290 aut
1408 4288 1411 4294 .

173 4346 259 4407 aliud
300 4349 460 4421 quoddam
492 4348 628 4408 verbum
670 4346 838 4423 eiusmodi,
874 4348 1048 4408 dummodo
1082 4347 1223 4406 facessat
1257 4345 1344 4405 istud

173 4456 254 4537 ἥατο.
277 4460 364 4520 Nihil
386 4477 471 4520 nunc
494 4461 693 4520 desideratur
716 4460 773 4519 sed
796 4459 971 4521 videndum
995 4475 1056 4533 quo
1080 4459 1234 4519 vocabulo
1253 4457 1344 4518 locus
