3270 5262
845 701 884 765 18

275 889 353 954 illud
385 911 463 955 non
495 894 667 954 credere
691 893 817 954 efficere
840 894 981 968 potuerit
1002 895 1040 953 ut
1062 893 1326 968 obstupescerent
1349 889 1446 966 proci.

274 1007 395 1068 Verum
419 1008 489 1082 lege
1386 1017 1389 1023 “

407 1111 446 1192 ὥς
470 1113 572 1198 ἔφαθ’,
593 1120 623 1180 οἳ
646 1115 672 1179 i'
700 1116 759 1178 ἀνὰ
781 1118 883 1197 θυμὸν
906 1116 1065 1199 ἐθάμβεον·
1089 1117 1183 1179 οὐδέ
1205 1113 1237 1178 t’
1264 1117 1410 1195 ἔφαντο

407 1230 435 1305 ἐς
460 1233 564 1293 Πύλον
587 1232 721 1312 οἴχεσθαι
744 1232 889 1312 Νηλήϊον·

272 1347 489 1407 desideratum
524 1348 601 1406 illud
637 1348 819 1408 subiectum
853 1348 1028 1407 admodum
1059 1348 1222 1422 eleganter
1256 1347 1444 1407 restitutum

271 1461 332 1520 erit
361 1462 394 1518 et
425 1460 535 1519 omnia
565 1463 652 1520 recte
683 1461 767 1520 inter
798 1476 833 1519 se
858 1462 952 1520 erunt
980 1461 1098 1520 iuncta.
1124 1460 1203 1535 Quid
1228 1462 1316 1520 enim
1339 1461 1445 1534 magis

270 1573 331 1647 ipsi
362 1574 591 1634 convenienter
621 1576 756 1634 naturae
786 1575 910 1634 dictum
941 1574 1003 1634 erit
1030 1590 1127 1647 quam
1150 1575 1228 1634 hoc:
1256 1574 1444 1650 „obstupue-

270 1689 345 1746 runt
368 1703 470 1761 neque
494 1687 593 1748 fidem
616 1689 823 1748 habebant'?

313 1915 375 1974 681
401 1931 470 1988 sqq.
497 1915 611 1975 Medon
634 1916 753 1975 auditis
777 1915 912 1992 insidiis,
939 1932 1019 1990 quas
1039 1917 1232 1976 Telemacho
1252 1917 1285 1976 in
1304 1918 1444 1991 patriam

269 2028 415 2087 redeunti
438 2029 526 2103 proci
550 2031 689 2105 struunt,
716 2030 756 2089 ad
778 2030 960 2104 Penelopen
981 2032 1146 2105 properat;
1168 2046 1265 2103 quem
1286 2031 1341 2090 illa
1361 2046 1446 2090 aoce-

271 2141 403 2200 dentem
427 2143 474 2201 sio
497 2142 692 2217 interrogat:

449 2253 552 2334 κήροξ,
578 2255 656 2314 τίπτε
680 2252 712 2314 δέ
735 2272 766 2314 σε
789 2255 918 2335 πρόεσαν
942 2264 1105 2334 μνηστῆρες
1129 2253 1244 2336 ἀμαοοί;

449 2359 468 2446 ἦ
492 2365 641 2446 εἰπέμεναι
665 2370 798 2455 δμῳῇσιν
818 2365 981 2448 Ὀδυσσῆος
1004 2370 1100 2430 θείοιο

449 2480 566 2563 λὲρμων
589 2485 776 2561 παύσασθαι,
799 2481 913 2544 αὐτοῖσι
937 2481 969 2544 δὲ
994 2484 1079 2543 δαῖτα
1102 2481 1261 2557 advectum

450 2595 489 2673 μὴ
514 2598 746 2675 μνηστεύσαντες
770 2592 839 2675 μηδ’
864 2592 965 2658 ἄλλοθ’
988 2595 1178 2676 ὁμιλήσαντες

449 2709 558 2770 ὕστατα
581 2709 631 2770 καὶ
654 2712 774 2789 πύματα
799 2720 856 2771 νῦν
879 2709 989 2771 ἐνθάδε
1011 2711 1209 2789 δειπνήσειαν.

314 2799 418 2899 Quam
452 2826 642 2886 ultimorum
677 2842 832 2886 versuum
866 2828 1050 2887 versionem
1085 2826 1263 2886 exhibetis:
1297 2826 1444 2901 „utinam

269 2953 309 2996 ne
332 2953 469 2999 uxorem
493 2915 546 2999 me
570 2942 716 3014 peterent
739 2957 842 3014 neque
867 2941 998 3001 omnino
1022 2956 1075 3001 me
1098 2941 1251 3015 viserent,
1272 2940 1330 2999 sed
1349 2940 1443 2999 hodie

269 3051 423 3114 ultimum
454 3056 506 3115 hic
537 3056 740 3130 coenarent’'‚
774 3071 847 3114 eam
879 3055 1027 3127 equidem
1057 3055 1191 3130 probare
1215 3069 1347 3127 nequeo.
1372 3053 1443 3112 Non

269 3173 356 3230 enim
380 3172 473 3231 aliter
497 3185 551 3229 eos
572 3171 697 3230 vertere
716 3169 792 3229 licet
812 3184 910 3243 quam
930 3157 993 3228 sic:
1018 3170 1163 3244 „utinam
1183 3169 1337 3228 ultimum
1357 3182 1442 3226 nunc

269 3284 321 3344 hic
353 3286 533 3359 coenarent,
566 3298 669 3356 neque
700 3299 753 3343 me
783 3283 817 3342 in
847 3283 1094 3343 matrimonium
1124 3283 1226 3357 pet'ta
1252 3297 1355 3354 neque
1379 3280 1442 3339 alio

269 3399 415 3472 tempore
445 3413 575 3458 mecum
610 3397 806 3471 congressi&
841 3396 930 3456 Haeo
963 3398 1076 3456 tamen
1109 3411 1209 3456 sensu
1243 3409 1336 3454 cassa
1370 3409 1443 3453 esse

271 3512 486 3571 libentissime
508 3510 601 3571 vobis
625 3511 772 3570 concedo.
798 3508 884 3584 Quae
908 3509 995 3569 enim
1018 3511 1083 3571 ista
1103 3512 1153 3570 est
1173 3507 1347 3584 oppositio:
1368 3529 1443 3585 μνη-

270 3625 441 3696 στεύσαντες
462 3628 494 3686 et
513 3617 614 3683 ἄλλοθ’
637 3620 835 3701 ὁμιλήσαντες,
857 3622 984 3696 etquid
1005 3624 1135 3683 omnino
1155 3622 1217 3682 sibi
1236 3622 1322 3681 istud
1343 3616 1443 3681 liltore

269 3740 364 3799 vult?
395 3739 475 3814 Quid
506 3739 589 3813 quod
620 3738 642 3796 ii
666 3737 720 3811 qui
743 3737 886 3810 aliquam
909 3736 1080 3795 mulierem
1103 3751 1281 3808 numquam
1305 3751 1441 3795 uxorem

269 3852 440 3929 petierunt,
462 3867 690 3925 nunquamque
711 3866 785 3910 oum
805 3865 844 3910 ea
863 3852 940 3910 sunt
960 3850 1124 3925 congressi
1143 3865 1246 3923 neque
1265 3849 1352 3924 proci
1365 3850 1442 3908 sunt

270 3981 384 4048 neque
397 3967 458 4025 dici
481 3967 627 4041 possunt.
653 3963 715 4024 Gur
737 3965 817 4023 viris
841 3979 921 4038 quos
944 3979 1110 4038 nunquam
1129 3963 1247 4023 viderit
1265 3963 1441 4038 perniciem

269 4079 464 4153 imprecetur
483 4079 666 4153 Penelope?
686 4078 746 4136 Sed
760 4079 873 4151 aptum
885 4092 1019 4136 sensum
1032 4092 1074 4136 ex
1085 4078 1140 4137 illo
1153 4073 1193 4154 μὴ
1203 4123 1208 4134 .
1219 4122 1225 4135 .
1235 4122 1241 4135 .
1252 4072 1441 4154 ὁμιλήσαντες

267 4207 370 4265 neque
401 4207 459 4266 ego
490 4192 633 4251 extundo
663 4205 775 4264 neque,
801 4190 829 4248 si
853 4189 928 4264 quid
952 4189 1053 4266 video,
1079 4190 1236 4250 extundet
1259 4189 1440 4264 quisquam.

267 4304 408 4365 Inseruit
442 4305 529 4364 enim
564 4304 806 4379 ineptissimum
847 4319 980 4364 versum
1014 4303 1184 4378 imperitus
1219 4303 1439 4380 interpolatur,

266 4419 320 4490 qui
355 4418 500 4478 subitum
535 4418 628 4478 illum
659 4419 835 4478 transitum
870 4420 909 4479 ab
941 4419 1192 4494 interrogatione
1223 4419 1263 4478 ad
1287 4419 1439 4493 impreca-

264 4530 387 4589 tionem
423 4545 486 4590 non
522 4533 743 4605 concoqueret.
781 4531 842 4589 Sed
877 4533 1028 4604 quamvis
1063 4531 1172 4607 inepta
1206 4533 1251 4592 sit
1280 4530 1441 4592 medicina
