3270 5262
641 1665 902 1774 niune
950 1664 1125 1773 VIII.

781 1979 977 1989 ——.—-

344 2198 383 2256 16
405 2211 451 2268 sq.
543 2192 733 2272 καρπαλίμως
757 2189 784 2253 d’
812 2194 958 2271 ἔμπληντο
982 2195 1096 2273 βροτῶν
1119 2191 1227 2273 ἀγοραί
1247 2188 1345 2251 τεκαὶ
1366 2187 1449 2267 ἕδραι

543 2306 723 2387 ἀγρομένων.

344 2423 547 2498 Quamquam
571 2439 611 2482 ne
635 2422 716 2481 mihi
740 2423 870 2495 quidem
897 2437 1092 2496 magnopere
1114 2423 1220 2481 forma
1240 2419 1386 2497 ἔμπληντο
1408 2423 1473 2492 (pro

298 2533 455 2612 ἕμτλήατο)
480 2537 594 2612 placet,
620 2538 731 2595 tamen
755 2535 833 2594 illud
857 2535 1012 2595 vitiorum
1032 2535 1148 2609 quibus
1168 2535 1220 2594 hio
1238 2535 1328 2594 loeus
1348 2533 1474 2593 laborat

294 2650 399 2709 multo
422 2650 550 2709 videtur
572 2650 787 2709 levissimum.
814 2650 894 2724 Quid
920 2650 1030 2709 enim?
1058 2649 1243 2708 Multaue
1270 2649 1364 2707 fora
1388 2661 1471 2706 oom-

294 2764 422 2837 plentur
441 2764 537 2822 unius
558 2765 716 2823 contionis
736 2765 857 2823 eausa?
879 2764 1008 2822 Miseret
1032 2779 1106 2836 ergo
1126 2777 1179 2821 me
1199 2762 1284 2836 regis
1305 2760 1360 2834 qui
1380 2761 1470 2819 illam

296 2876 409 2936 habet:
442 2893 519 2936 nam
550 2878 584 2936 in
614 2894 678 2951 qua
708 2879 786 2937 urbe
817 2878 922 2938 multa
952 2849 1123 2938 iora'sunt
1146 2877 1190 2935 ibi
1214 2891 1325 2934 eorum
1349 2873 1473 2947 aliquot

295 2992 421 3050 remota
445 3006 464 3049 a
488 2964 603 3049 ceteris
628 3007 700 3050 esse
725 2992 839 3051 solent.
864 2992 904 3051 Et
924 3006 1006 3065 quae
1029 2991 1079 3050 est
1098 2991 1163 3049 ista
1182 2987 1339 3063 oppositio
1364 2983 1473 3065 ἀγοραί

294 3125 323 3162 τε
354 3099 403 3162 καὶ
434 3101 533 3181 loqui:
565 3104 634 3163 fora
666 3105 698 3164 et
728 3105 846 3163 sedes?
877 3105 946 3164 Hoc
976 3118 1053 3162 vero
1086 3102 1357 3161 absurdissimum
1387 3098 1470 3174 quod

294 3218 389 3291 plena
420 3217 476 3276 illa
506 3216 575 3276 fieri
606 3218 746 3291 legimus
777 3233 841 3277 non
868 3214 1038 3295 ἀγρομένων
1059 3217 1119 3280 fied
1142 3217 1256 3292 βροτῶν
1281 3211 1469 3292 (λγρομὲνωνῑ

296 3333 388 3405 quasi
412 3348 488 3392 vero
520 3333 603 3406 apud
626 3333 790 3392 Phaeacas
814 3347 878 3390 non
901 3331 1072 3390 hominum
1096 3330 1152 3388 sed
1177 3329 1287 3388 ovium
1311 3328 1472 3400 boumque

296 3449 462 3507 contiones
485 3446 597 3506 haberi
621 3447 687 3506 sint
711 3446 836 3506 solitae.
862 3446 923 3505 Sed
947 3445 1057 3504 omnia
1081 3444 1136 3503 illa
1159 3443 1240 3502 vitia
1263 3441 1422 3501 tolluntur
1441 3439 1469 3498 si

296 3561 520 3620 emendatione
544 3576 608 3619 non
629 3561 804 3619 admodum
828 3558 970 3618 violenta
993 3558 1149 3632 legimus:

426 3670 616 3750 καρπαλίμως
642 3667 670 3731 δ’
699 3665 843 3748 ἐμπλήαθ’
870 3667 949 3747 ὁμῶς
971 3667 1074 3749 ἀγορή.
1088 3690 1117 3728 τε
1141 3665 1192 3727 ναὶ
1215 3666 1297 3747 ἕδραι

429 3783 609 3865 ἀγρομένων.

255 3970 257 3976 ,
338 3901 533 3960 Rectissime
565 3901 652 3959 enim
676 3901 761 3959 inter
784 3915 819 3959 se
844 3900 1047 3974 opponuntur
1070 3895 1152 3978 ἕδραι
1176 3900 1209 3958 et
1232 3893 1326 3976 ἀγορά
1350 3897 1382 3955 in
1406 3897 1467 3955 sin·

293 4014 413 4088 gulari:
450 4029 545 4073 senes
580 4013 816 4086 nobilioresque
848 4015 954 4072 certas
989 4010 1050 4071 sibi
1084 4013 1204 4071 habent
1235 4011 1338 4086 eadee,
1371 4007 1467 4069 oeteri

292 4144 407 4188 omnes
431 4130 521 4188 stant
544 4128 731 4202 pariorum
755 4127 901 4202 dispersi.

338 4357 523 4416 161-167.
544 4355 709 4432 Ulyssem,
732 4355 786 4429 qui
806 4357 846 4415 ad
867 4355 1047 4414 certamina
1059 4354 1273 4414 invitantibus
1289 4353 1466 4414 Phaeaoeu·

288 4471 377 4529 sibus
410 4471 553 4543 eorporis
586 4471 850 4543 defetigationem
889 4469 1052 4541 animique
1087 4468 1256 4526 tristitiam
1288 4465 1464 4540 excusavit
