3270 5262
817 659 855 715 ii

247 851 312 910 illis
343 852 394 910 est
424 848 554 909 verbis?
585 848 688 922 Igitur
717 848 828 920 utique
852 847 937 906 istud
962 843 1058 905 ἐκεῖνα
1084 847 1270 920 corruptum
1294 862 1419 922 censeo,

248 968 344 1039 atque
368 966 414 1023 ita
437 962 660 1037 corrigendum
684 964 721 1021 ut
744 962 861 1021 evadat
883 962 986 1021 oratio
1005 961 1141 1020 Nestore
1161 961 1293 1034 eiusque
1313 961 1421 1021 dolore

249 1080 354 1153 digna.
387 1077 467 1153 Quid
497 1077 528 1144 Si,
557 1077 754 1135 scribamus:
786 1075 828 1146 τίς
861 1097 911 1134 κεν
942 1072 1040 1134 ἔπειτα
1067 1074 1164 1134 ττάντα
1187 1097 1219 1155 με
1243 1074 1421 1152 μυθήσαιτο.

250 1193 301 1251 Sic
324 1191 469 1251 Nestoris
492 1190 591 1249 verba
614 1191 824 1249 acerbitatem
848 1191 1011 1263 quandam
1031 1191 1195 1250 habebunt
1214 1191 1421 1265 aptissimam

249 1304 460 1365 recordationi
490 1304 652 1363 malorum
683 1319 764 1376 quae
795 1319 897 1363 unum
928 1303 1006 1362 illud
1036 1304 1203 1363 funestum
1230 1303 1351 1363 bellum
1376 1304 1421 1362 at·

249 1418 369 1477 tulerit.
397 1417 481 1476 Nam
504 1412 602 1476 ἔπειτα
626 1432 690 1476 non
713 1431 842 1491 sempor
865 1417 982 1476 habere
1004 1417 1073 1476 vim
1097 1431 1186 1476 mere
1208 1416 1422 1490 temporalem

250 1530 283 1589 hi
307 1546 349 1590 ex
372 1530 471 1596 Iliade
495 1530 556 1590 loci
580 1530 713 1590 docent:

296 1646 334 1720 A,
357 1645 438 1704 547:
485 1637 549 1701 ἀλλ’
577 1637 612 1701 tv
635 1639 689 1719 μέν
712 1637 742 1701 σ’
770 1638 915 1714 ἕκιίεικὲς
937 1639 1109 1721 άκουέμεν’,
1131 1640 1168 1703 ob
1191 1666 1233 1714 τις
1258 1641 1355 1703 ἔπειτα

484 1752 551 1816 οὔτε
573 1761 655 1816 θεῶν
678 1755 818 1836 πρότερος
840 1755 891 1817 τὸν
914 1755 1043 1816 άείσεται
1065 1751 1129 1816 οὔτ’
1157 1753 1338 1836 ἀνθρώπων.

297 1873 334 1945 Ε,
356 1871 439 1930 684:
486 1869 650 1949 Πριαμίδη,
672 1867 713 1948 μὴ
738 1869 775 1948 δή
799 1891 833 1948 με
856 1866 952 1950 ίέλωρ
976 1873 1141 1931 Δαναοῖσιν
1164 1867 1252 1954 έάσης

483 1987 612 2061 κεῖσθαι,
634 1980 706 2063 όιτάρ
730 1978 764 2061 μ’
791 1981 953 2061 ἐπάμυνον.
977 1982 1076 2044 ἔπειτά
1099 2005 1134 2062 με
1156 1981 1207 2044 καί
1231 1984 1311 2044 λίττοι
1334 1981 1409 2044 αἰὼν
1478 2031 1481 2036 .

485 2093 517 2157 έν
540 2090 622 2157 ττόλι’
647 2094 779 2179 όμετέρη.

299 2212 333 2286 Ο,
356 2213 416 2271 49:
486 2209 512 2270 εἰ
532 2205 586 2288 μὲν
610 2207 647 2288 δὴ
671 2210 709 2270 σό
732 2207 762 2290 γ’
789 2208 897 2290 ἔπειτα,
920 2191 1032 2290 βοῶντας
1055 2209 1162 2272 πότνια
1177 2208 1268 2292 Ἥρη,

484 2326 574 2384 ίῑσον
597 2321 662 2402 ἐμοί
684 2322 854 2404 φρονέουσα
878 2321 939 2403 μετ’
967 2323 1145 2387 ἀθανάτοισι
1167 2325 1312 2402 καθίζοις,

486 2448 525 2522 τῷ
547 2460 579 2498 κε
604 2437 780 2499 Ποσειδάων
803 2461 846 2519 γε,
867 2437 918 2500 καὶ
940 2439 966 2500 εἰ
989 2439 1068 2519 μάλα
1090 2440 1227 2519 βούλεται
1249 2437 1333 2522 άλλη,

485 2546 563 2631 αίψα
585 2551 788 2634 μεταστρέψειε
811 2554 883 2616 νόον
906 2552 977 2633 μετὰ
1000 2554 1055 2616 σὸν
1078 2553 1129 2616 καὶ
1154 2552 1226 2633 ἐμὸν
1250 2563 1315 2634 κῆρ.

301 2670 333 2743 Τ,
359 2668 438 2727 112:
686 2668 761 2741 Ζεὺς
785 2663 816 2729 ‹l'
842 2666 879 2730 οό
902 2691 929 2729 τι
953 2669 1181 2750 δολοφροσύνην
1205 2666 1318 2747 ἐνόησε,

487 2775 552 2841 ἀλλ’
579 2778 687 2858 όμοσεν
710 2780 802 2862 μέγαν
826 2782 925 2863 ὅρκον,
947 2781 1046 2843 έττειτα
1070 2779 1102 2844 δὲ
1124 2780 1235 2844 πολλὸν
1258 2778 1370 2859 ἀάσθη.

301 2896 338 2972 X,
360 2896 421 2955 49:
490 2889 556 2955 ἀλλ’
582 2894 609 2955 εί
630 2891 684 2974 μέν
707 2895 814 2968 ζώουσι
837 2894 908 2975 μετὰ
930 2906 1052 2981 στρατῷ,
1073 2887 1092 2975 ἦ
1116 2917 1168 2956 κεν
1190 2894 1288 2956 έττειτα

488 3012 596 3087 χαλκοῦ
619 3029 649 3068 τε
671 3017 782 3089 χρυσοῦ
805 3004 833 3070 τ’
859 3005 1079 3089 ἀπολυσόμεθ’,
1101 3008 1160 3070 έστι
1182 3007 1238 3091 γάρ
1263 3007 1359 3070 ἔνδον.

300 3123 341 3199 Ω,
365 3124 446 3184 296:
490 3122 517 3182 εἰ
538 3121 570 3183 δέ
591 3145 637 3183 τοι
659 3122 696 3184 οὐ
721 3123 808 3184 δώσει
831 3122 904 3185 ἕίὸν
927 3121 1051 3205 άμγελον
1075 3122 1231 3205 εόρυίόττα
1256 3122 1342 3201 Ζεὺς,

489 3232 526 3296 ob
548 3259 599 3297 κεν
623 3234 678 3318 ἐγώ
702 3236 735 3318 γέ
758 3233 788 3298 σ’
813 3236 910 3298 ἕττειτα
934 3235 1138 3319 έττοτράνουσα
1162 3236 1302 3316 κελοίμην

489 3359 564 3428 νῆας
588 3346 635 3411 ἔπ’
658 3347 798 3433 Ἀργείων
821 3352 929 3430 ἴμεναι,
952 3353 1030 3431 μάλα
1053 3373 1107 3432 περ
1131 3361 1277 3432 μεμαῶτα.

301 3464 421 3539 Quibus
444 3466 594 3524 omnibus
617 3463 714 3524 ἔπειτα
738 3466 798 3526 toti
818 3468 998 3527 sententiae
1019 3457 1095 3544 ἦθος
1116 3466 1276 3540 quoddam
1297 3465 1428 3540 praebet

258 3579 434 3638 narrationi
465 3580 516 3639 vel
541 3579 702 3651 loquentis
725 3581 829 3640 menti
853 3581 1144 3640 accommodatum.
1169 3580 1230 3639 His
1253 3594 1329 3638 vero
1357 3595 1432 3637 eum

258 3693 358 3751 animi
389 3693 543 3753 affectum
573 3693 734 3767 significat
757 3710 854 3767 quem
878 3695 988 3753 nostro
1011 3694 1081 3754 loco
1104 3691 1250 3752 Nestoris
1274 3708 1346 3752 esse
1370 3693 1428 3750 mi-

257 3807 345 3864 nime
368 3807 541 3866 miremur:
566 3807 820 3881 indignationem
845 3807 914 3865 dico
940 3809 973 3866 et
995 3808 1216 3866 acerbitatem.
1233 3800 1254 3877 ¹)

264 4005 507 4013 ——u

285 4128 301 4176 ¹)
319 4124 347 4168 In
367 4123 453 4168 Codice
473 4124 525 4168 Pal.
544 4124 622 4178 (Heid.
641 4126 675 4174 45)
696 4123 811 4168 vocabuli
834 4127 907 4170 ἐκεῖνα
925 4125 1016 4170 ultima
1035 4126 1134 4181 syllaba
1154 4127 1235 4172 altera
1248 4137 1325 4172 manu
1339 4127 1380 4170 ost
1395 4127 1435 4171 ad·

259 4193 359 4247 scripta.
381 4193 447 4248 Quae
467 4203 507 4237 res
529 4191 637 4234 sortasse
658 4191 694 4235 sic
714 4191 833 4243 explicari
852 4195 947 4247 potest:
963 4193 1071 4237 codicem
1087 4194 1159 4238 ilium
1175 4194 1216 4246 qui
1233 4193 1335 4247 scripsit
1349 4193 1375 4237 in
1390 4204 1436 4238 suo

259 4261 394 4314 exemplari
415 4259 526 4304 habebat
546 4260 624 4304 λαιιτα
649 4259 698 4313 sed,
719 4258 743 4303 id
766 4259 830 4311 quod
852 4260 924 4305 facile
944 4260 998 4304 fleri
1019 4260 1110 4316 potuit,
1124 4272 1167 4315 pro
1183 4262 1257 4305 litera
1272 4274 1289 4305 n
1303 4259 1403 4314 legebat
1417 4277 1436 4306 κ.

260 4325 320 4368 cum
334 4327 419 4370 autom
434 4327 551 4370 ultimam
566 4325 704 4379 scripturus
718 4327 787 4370 esset
802 4325 927 4380 syllabam
942 4328 1044 4373 videbat
1057 4326 1437 4380 nuncnascivocabulumquod

259 4402 383 4444 nusquam
402 4396 470 4437 esset
489 4393 608 4446 gentium,
631 4397 710 4437 ικιιιο.
730 4392 815 4444 neque
835 4396 920 4437 tamen
939 4399 1039 4441 mutare
1053 4394 1189 4447 quidquam
1204 4405 1282 4439 ausus
1298 4395 1344 4447 est,
1358 4404 1438 4445 neque

259 4458 328 4506 istud
349 4475 383 4508 nr.
399 4471 462 4512 quae
481 4462 503 4504 ei
517 4462 650 4506 videbatur
663 4460 743 4504 morbi
758 4459 836 4513 sodes,
851 4460 950 4518 addere;
965 4463 1054 4507 deinde
1069 4462 1147 4507 lector
1161 4462 1246 4506 minus
1261 4462 1353 4507 anxius
1367 4472 1437 4506 voca·

261 4523 346 4568 bulum
361 4527 486 4578 utcunque
499 4526 615 4579 explevit.
631 4524 676 4568 Sed
690 4524 762 4578 parvi
776 4524 841 4569 racio
855 4525 1030 4571 huiuscemodi
1046 4527 1204 4581 argumenta.
