3310 5262
847 645 908 704 128

333 830 377 890 At
396 829 503 905 inepte
523 847 608 890 nunc
627 846 747 890 novam
767 830 1054 904 interrogationem
1073 833 1203 893 subiicit
1222 833 1370 909 UlysseS,
1392 849 1467 894 cum

289 944 391 1019 ipsius
426 945 674 1005 exclamationis
709 944 792 1004 ratio
823 947 911 1004 esset
941 946 1111 1006 reddenda.
1143 947 1264 1007 Verum
1295 947 1328 1007 id
1359 949 1467 1022 ipsum

290 1059 373 1132 quod
404 1060 457 1118 hic
480 1058 681 1119 desideratur
703 1058 733 1118 ei
756 1059 955 1134 restituetur,
981 1061 1009 1118 si
1032 1061 1131 1120 verba
1154 1061 1274 1122 tradita
1296 1062 1468 1122 lenissima
1538 1137 1540 1143 Α

291 1173 516 1232 emendatione
540 1172 587 1231 sic
610 1170 855 1232 refinxerimus:

556 1284 598 1356 τίς
621 1283 677 1364 γάρ
700 1278 731 1361 μ’
759 1288 829 1361 (μοι)
853 1249 951 1344 dilloo’
979 1283 1070 1363 ἔθηκε
1092 1283 1190 1366 λέχοςς

337 1510 399 1568 188
434 1523 481 1581 sq.
517 1508 546 1566 A
580 1508 649 1568 viro
680 1509 810 1570 mortali
842 1512 1002 1570 removeri
1031 1511 1089 1570 vix
1120 1513 1153 1571 et
1184 1528 1224 1572 ne
1257 1513 1313 1570 vix
1338 1513 1468 1586 quidem

290 1622 434 1696 potuisse
457 1623 566 1681 torum
590 1625 754 1683 contendit
777 1624 931 1697 Ulysses:

780 1734 842 1796 ἐπεὶ
861 1734 935 1817 μέγα
958 1745 1037 1815 σῆμα
1062 1734 1193 1798 τέτυκται

470 1847 501 1909 ἒν
525 1844 592 1928 λέχε’
618 1847 743 1935 ἀσκητῷ·
768 1849 800 1911 τὸ
825 1845 855 1911 δ’
870 1849 926 1932 ἐγὼ
945 1846 1056 1929 ’κάμον
1079 1848 1151 1912 oliti
1173 1874 1215 1923 τις
1239 1849 1338 1926 ἄλλος.

336 1965 500 2040 Quomodo
534 1966 665 2040 signum
700 1967 740 2025 in
774 1967 885 2027 lecto
917 1967 1041 2027 factum
1072 1983 1144 2027 esse
1177 1967 1239 2026 dici
1270 1969 1377 2042 possit
1407 1983 1470 2027 non

291 2079 452 2153 intelligo:
484 2079 553 2152 ipse
584 2080 691 2152 potius
722 2080 826 2138 lectus
856 2080 987 2154 signum
1019 2081 1069 2139 est
1101 2080 1288 2153 dicendum;
1314 2079 1471 2153 namqui

291 2194 384 2252 illum
415 2194 564 2252 accurate
588 2192 740 2253 describit
763 2194 862 2252 simul
885 2193 952 2253 fere
976 2193 1097 2252 indicat
1120 2209 1155 2252 se
1179 2194 1249 2252 eius
1273 2209 1346 2254 esse
1371 2193 1470 2254 archi-

291 2309 425 2366 tectum.
457 2306 682 2366 Abiiciendum
714 2322 789 2381 ergo
821 2307 927 2366 totum
959 2323 1007 2366 vs.
1043 2308 1104 2366 189
1138 2323 1270 2380 cense0;
1295 2309 1360 2368 isto
1384 2308 1471 2368 enim

292 2418 324 2479 τὸ
355 2414 383 2477 ‹l’
400 2416 455 2498 ἐγὼ
476 2413 583 2494 ’κάμον
608 2417 678 2478 οὐδὲ
701 2442 743 2490 τις
767 2416 853 2490 ἄλλος
877 2419 970 2479 facile
994 2435 1153 2495 caremus,
1178 2421 1332 2493 quoniam
1358 2421 1472 2482 eodem

292 2537 418 2609 spectat
440 2536 510 2594 tota
532 2535 684 2609 narratio,
709 2550 791 2608 quae
816 2507 967 2593 continuo
991 2535 1148 2608 sequitur.

338 2760 401 2818 202
428 2775 497 2834 sqq.
521 2759 638 2817 Narrat
662 2774 736 2833 ergo
760 2759 896 2832 Ulysses
920 2759 1079 2832 quomodo
1104 2759 1225 2823 lectum
1250 2759 1469 2820 aedificaverit

293 2874 325 2931 et
348 2872 529 2932 cuiusmodi
551 2871 605 2930 ille
628 2872 681 2930 sit.
706 2872 789 2930 'lum
812 2872 893 2932 haec
916 2872 1021 2931 addit:

470 2983 547 3043 οὕτω
570 3005 614 3043 τοι
637 2983 703 3043 τόδε
726 2992 805 3061 σῆμα
828 2985 1036 3061 πιφαύσκομαι

337 3097 472 3169 (Videtis
495 3097 547 3156 hic
570 3113 683 3157 revera
706 3098 861 3159 vocabulo
885 3106 964 3175 σῆμα
987 3099 1108 3159 lectum
1129 3099 1313 3174 significari)

1004 3210 1075 3272 οὐδέ
1097 3235 1123 3272 τι
1145 3214 1247 3289 folda,

483 3322 567 3402 ἤμοι
591 3319 624 3383 ἔτ’
652 3322 780 3401 ἔμπεδόν
805 3321 873 3400 ἔστι,
895 3324 994 3404 γύναι,
1016 3322 1107 3404 λέχος,
1130 3323 1164 3404 ἠέ
1186 3350 1229 3398 τις
1252 3324 1311 3404 ἤδη

470 3435 590 3516 ἀνδρῶν
614 3431 712 3498 ἅλλοσ’
739 3435 841 3514 ἔθηκε,
862 3435 963 3514 ταμὼν
986 3438 1045 3498 ὕπο
1069 3433 1196 3517 πυθμέν’
1223 3437 1329 3516 ἐλαίης.

336 3553 381 3612 At
403 3555 499 3613 modo
523 3554 596 3623 (187
622 3548 683 3626 sq.)
704 3552 822 3611 divinis
842 3567 922 3626 opus
942 3568 1013 3612 esse
1032 3554 1155 3614 viribus
1175 3555 1214 3614 ad
1234 3556 1466 3614 removendum

292 3667 414 3727 lectum
449 3667 629 3727 contendit:
662 3681 748 3724 nunc
779 3665 847 3739 ipse
878 3666 1037 3725 rationem
1068 3667 1197 3742 indicat,
1231 3683 1294 3740 qua
1324 3667 1355 3726 id
1379 3667 1466 3727 nullo

293 3780 421 3854 negotio
445 3779 552 3853 quivis
575 3779 763 3839 mortalium
787 3778 892 3838 iacere
915 3779 1066 3853 potuerit.

339 4004 401 4062 209
433 4018 480 4077 sq.
512 4003 582 4062 Hac
613 4002 722 4062 audita
749 4002 932 4062 narratione
956 4003 1113 4078 Penelope
1137 4004 1291 4078 Ulyssem
1316 4004 1465 4079 amplexa

293 4117 341 4176 sic
363 4120 528 4191 precatur:

449 4227 490 4306 μή
514 4248 574 4305 μοι,
592 4221 746 4304 Ὀδυσσεῦ,
769 4223 881 4302 σκύζε’,
903 4225 965 4289 ἐπεὶ
987 4229 1023 4288 τά
1045 4251 1099 4308 περ
1123 4227 1195 4290 ἄλλα
1219 4231 1342 4308 μάλιστα

449 4339 621 4421 ἀνθρώπων
639 4337 794 4402 ’πέπνυσα
852 4409 855 4415 ,

338 4455 516 4529 Displicent
538 4455 591 4514 hic
613 4457 755 4531 primum
780 4458 866 4517 istud
885 4455 920 4516 τὰ
939 4455 1021 4535 ἄλλα,
1040 4460 1153 4520 deinde
1173 4460 1462 4536 plusquamperfec-
