3270 5262
811 608 869 713 ¹es

289 843 341 901 Sic
365 858 423 901 vos
446 841 661 916 grammatica
683 841 807 900 ratione
831 841 918 898 ducti
942 840 1087 898 edidistis
1110 833 1183 899 roio’
1202 833 1342 909 Ὀδυσεύς
1362 853 1419 911 pro

244 956 376 1029 vulgato
407 959 466 1025 τοῖς
498 949 525 1013 δ’
556 948 704 1024 Ὀδυσεύς.
737 954 797 1024 Sed
829 955 958 1027 rogatos
989 969 1048 1012 vos
1079 953 1178 1012 velim
1202 969 1281 1012 num
1305 953 1419 1012 abesse

244 1069 297 1128 hic
319 1070 423 1143 possit
447 1065 479 1126 δέ
501 1068 606 1127 aliave
626 1067 701 1126 huic
720 1067 838 1126 similis
857 1067 1024 1142 particula,
1046 1067 1093 1127 ita
1112 1069 1149 1126 ut
1168 1068 1238 1126 tota
1257 1066 1420 1125 sententia

244 1182 331 1242 nullo
351 1183 479 1242 vinculo
500 1197 574 1240 cum
594 1181 858 1255 praecedentibus
876 1182 1054 1240 cohaereat.
1069 1181 1225 1254 Equidem
1238 1196 1302 1240 non
1314 1181 1417 1254 credo,

244 1298 300 1355 sed
331 1300 388 1356 aut
418 1297 537 1368 aliquid
569 1296 607 1353 de
637 1295 707 1368 lege
734 1295 786 1353 hic
809 1296 1042 1355 remittendum
1067 1310 1190 1369 censen,
1217 1296 1282 1370 aut,
1308 1295 1368 1354 hoo
1391 1293 1420 1352 si

244 1411 336 1470 nefas
360 1409 495 1484 videtur,
521 1409 569 1468 sic
590 1409 780 1482 legendum:

576 1519 626 1581 καὶ
649 1516 701 1581 τότ’
727 1518 884 1594 Ὀδυσσεὺς
906 1517 1002 1582 'feias
1026 1519 1081 1582 κτὲ.

290 1747 363 1804 494.
407 1745 541 1806 Eumaei
583 1749 702 1820 hospes
747 1746 903 1820 Ulyssem
938 1761 973 1806 se
1008 1761 1080 1806 esse
1116 1745 1326 1805 dissimulans
1360 1746 1422 1804 hac

244 1862 347 1921 utitur
373 1861 477 1935 lepide
500 1861 576 1922 ficta
599 1863 792 1936 narratione,
819 1877 882 1935 qua
904 1863 990 1920 tecte
1014 1859 1174 1935 significet
1198 1860 1304 1933 algere
1328 1875 1363 1918 se
1387 1861 1422 1918 et

244 1976 372 2034 vestem
403 1975 464 2035 sibi
495 1976 680 2050 superiniiei
711 1991 842 2049 cupere:
877 1975 1059 2050 „quondam
1087 1975 1120 2032 in
1144 1974 1308 2033 obsidione
1330 1973 1420 2032 urbis

244 2090 357 2148 Troiae
382 2105 439 2162 ego
464 2105 538 2148 cum
561 2089 680 2163 Ulysse
701 2091 733 2148 et
753 2089 896 2148 Menelao
917 2089 950 2146 in
970 2088 1096 2147 insidiis
1116 2103 1205 2147 eram
1226 2086 1420 2160 collocatus;

245 2203 288 2263 ibi
310 2196 370 2278 'ego
394 2204 479 2262 male
503 2205 643 2262 vexatus
666 2203 784 2276 frigore
807 2202 962 2276 Ulyssem
986 2218 1003 2262 e
1028 2217 1142 2261 somno
1166 2201 1308 2261 excitavi
1328 2204 1361 2260 et
1380 2202 1421 2260 ad

245 2333 321 2376 eum
351 2331 425 2375 sum
457 2319 662 2388 conquestus.
694 2315 752 2374 Ille
784 2330 859 2373 vero
884 2315 999 2373 statim
1023 2314 1133 2373 dolum
1157 2315 1281 2374 invenit
1303 2330 1422 2387 meque

244 2431 408 2502 quiescere
432 2430 559 2488 iussit.”
584 2429 750 2502 Sequitur:

388 2533 417 2619 ἦ,
440 2539 489 2601 καὶ
512 2536 559 2601 ἐπ’
586 2539 719 2619 ἀγκῶνος
742 2538 876 2617 κεφαλὴν
897 2535 996 2618 ’σχέθε
1017 2535 1116 2600 ’fains'
1138 2563 1167 2600 τε
1193 2545 1306 2616 μῦθον

290 2657 354 2716 495
392 2660 506 2732 „uldra
529 2654 617 2731 φίλον
643 2653 726 2725 θεῖός
750 2676 800 2731 μοι
823 2651 967 2713 ἐνύπνιον
992 2644 1086 2732 ἦλθεν
1112 2650 1238 2732 ὄνειρος.

388 2769 454 2846 λίην
478 2767 533 2848 γὰρ
557 2776 639 2846 νηῶν
662 2765 753 2839 findo
777 2765 918 2846 ἤλθομεν
943 2766 1015 2827 ἀλλά
1039 2791 1081 2840 τις
1106 2768 1151 2846 εἴη

320 2883 323 2889 ’
388 2877 533 2960 ἱειπέμεν
561 2883 688 2966 Ἀτρεΐδῃ
713 2881 905 2963 Ἀγαμέμνονι
928 2881 1047 2961 ποιμένι
1070 2887 1161 2959 λαῶν,

389 2995 416 3055 εἰ
436 2993 563 3066 πλέονας
586 2994 667 3074 παρὰ
690 3005 804 3072 ναῦφιν
829 2995 996 3075 ἐποτρύνειε
1019 2995 1170 3056 νέεσθιιι.”

290 3110 370 3187 Quid
401 3112 445 3171 sit
477 3110 603 3185 „cubito
630 3112 753 3170 levari”
779 3113 812 3170 et
836 3105 882 3169 ἐπ’
908 3109 1041 3190 ἀγκῶνος
1067 3107 1339 3190 ripacorcensem,
1364 3113 1422 3172 sed

245 3225 403 3298 quomodo
439 3240 474 3284 se
509 3226 720 3298 contorqueat
750 3226 867 3298 aliquis
898 3227 935 3285 ut
966 3228 1061 3300 caput
1093 3226 1199 3286 cubito
1230 3226 1422 3300 impositum

245 3339 362 3398 habeat
385 3324 426 3397 ne
449 3337 569 3412 fingere
593 3339 722 3412 quidem
746 3354 889 3412 possum.
915 3340 1001 3398 Nihil
1024 3341 1136 3398 tamen
1156 3343 1283 3399 mutare
1304 3340 1420 3415 ausim,

245 3453 350 3512 multa
373 3452 461 3511 enim
485 3452 518 3510 in
541 3453 602 3511 hae
625 3453 809 3512 narratione
834 3454 1013 3528 occurrunt,
1040 3468 1121 3526 quae
1144 3454 1201 3511 vix
1223 3468 1421 3532 concoquas:

245 3582 382 3639 quorum
414 3568 446 3626 et
476 3566 554 3625 illud
586 3568 637 3625 est
668 3566 751 3639 quod
782 3566 877 3624 miles
905 3566 938 3624 in
962 3566 1088 3624 insidiis
1112 3566 1287 3625 collocatus
1312 3566 1420 3626 obdor-

245 3681 380 3739 mivisse
403 3679 530 3739 dicitur.
555 3680 591 3738 ld
614 3681 724 3738 autem
748 3678 936 3738 Aristarcho
957 3680 1027 3738 tam
1048 3679 1223 3738 absurdum
1243 3679 1352 3738 visum
1371 3682 1423 3740 est

245 3795 282 3852 ut
304 3809 352 3852 vs.
378 3793 441 3852 495
467 3793 638 3853 delendum
659 3794 821 3866 censeret;
843 3807 940 3866 quem
959 3808 1018 3851 vos
1038 3793 1220 3865 sequimini.
1242 3793 1308 3867 Ego
1328 3793 1423 3853 aliter

246 3922 370 3966 censen.
407 3907 502 3965 Levis
537 3906 624 3965 enim
659 3906 754 3966 alicui
790 3906 940 3980 obrepere
975 3921 1110 3966 somnus
1144 3908 1252 3979 potest
1283 3908 1315 3966 et
1347 3922 1422 3966 curn

246 4035 360 4079 somno
381 4003 554 4094 somnium,
577 4020 630 4092 qui
650 4021 761 4078 tamen
781 4021 921 4079 dormire
940 4021 1076 4079 minime
1097 4021 1148 4079 est
1167 4021 1329 4095 dicendus,
1348 4021 1423 4094 quia

245 4137 400 4208 perpetua
423 4133 478 4208 rei,
504 4148 585 4206 quae
606 4133 638 4191 in
657 4134 807 4192 manibus
828 4136 887 4208 est,
910 4134 1061 4207 cogitatio
1082 4133 1179 4192 efficit
1200 4135 1234 4192 ut
1254 4134 1422 4193 levissimo

246 4249 383 4322 strepitu
418 4248 532 4308 statim
567 4247 818 4321 expergiscatur.
855 4248 895 4307 Et
929 4248 1039 4320 quidni
1070 4247 1294 4306 insidiantium
1325 4248 1422 4307 duces

246 4361 408 4434 fingamus
436 4376 495 4438 per
524 4359 613 4420 vices
644 4361 752 4420 somni
783 4361 902 4434 aliquid
931 4361 1118 4436 capientes?
1141 4360 1310 4421 Postremo
1335 4360 1422 4434 ipsos

247 4475 319 4532 illos
339 4476 461 4533 milites
481 4490 561 4550 quos
581 4475 668 4535 nullo
689 4475 817 4552 negotio
837 4474 987 4553 deceptos
1007 4476 1166 4552 audimus,
1188 4492 1253 4535 non
1272 4477 1341 4535 tam
1362 4474 1422 4538 cal-
