3270 5262
831 653 850 712 2

251 863 336 908 nova
366 849 423 907 aut
453 861 472 905 a
498 846 615 904 Vestra
638 843 847 918 aliorumque,
873 859 953 916 quos
977 845 1250 920 commemoratis,
1276 846 1425 920 opinione

251 962 357 1035 aliquo
388 960 483 1020 modo
514 958 676 1032 recedens,
702 959 735 1016 11
757 972 819 1029 quo
843 957 973 1031 saepius
997 959 1036 1017 ad
1059 958 1177 1017 librum
1200 959 1355 1020 Vestrum
1378 977 1424 1019 11-

251 1076 419 1135 currebam
450 1088 486 1132 eo
510 1071 617 1145 magis
640 1071 722 1130 mihi
746 1071 784 1130 de
808 1070 925 1130 iisdem
947 1071 1027 1131 locis
1052 1072 1137 1131 idem
1162 1073 1424 1147 persuadebatur.

250 1187 352 1260 Igitur
372 1185 429 1245 otii
449 1184 568 1258 aliquid
588 1186 704 1244 nactus
724 1186 911 1244 commenta
925 1199 1008 1259 mea,
1023 1185 1093 1244 sive
1105 1186 1305 1260 suspiciones
1318 1187 1423 1247 dicere

249 1298 414 1374 mavultis,
443 1299 562 1372 scripto
587 1299 741 1357 mandare
765 1296 892 1356 decrevi
916 1298 1013 1370 atque
1036 1297 1179 1371 longiore
1204 1299 1255 1358 vel
1278 1299 1425 1360 breviore

249 1412 465 1486 disputatione
484 1411 532 1470 ita
551 1410 715 1485 adornare,
737 1411 773 1468 ut
792 1409 873 1494 liber
892 1425 995 1482 neque
1015 1411 1141 1485 spissus
1158 1412 1309 1472 evaderet
1321 1429 1425 1488 neque

249 1527 347 1587 nimis
367 1526 462 1586 exilis
482 1525 663 1597 aridusque.
686 1523 788 1598 Quem
808 1539 883 1583 cum
902 1525 1120 1602 perfecissem,
1142 1526 1217 1600 quid
1234 1543 1270 1587 eo
1282 1529 1424 1589 iacerem

248 1641 363 1700 dubius
398 1639 498 1698 etiam
529 1638 713 1712 haerebam,
733 1653 820 1696 cum
851 1637 933 1696 mihi
968 1638 1162 1699 afferebatur
1192 1656 1314 1701 novum
1344 1643 1423 1703 illud

247 1755 401 1812 volumen
423 1753 587 1827 Vestrum,
612 1752 696 1826 quod
720 1767 819 1824 quam
842 1753 973 1824 gratum
1000 1753 1082 1812 mihi
1109 1755 1197 1813 esset
1223 1756 1319 1816 modo
1345 1756 1422 1816 dixi.

292 1870 353 1928 Hic
383 1870 494 1928 autem
526 1868 660 1928 Goethei
690 1867 771 1926 milri
803 1869 837 1925 in
871 1870 1016 1928 mentem
1040 1869 1199 1945 veniebat,
1224 1871 1341 1942 quide
1365 1886 1424 1930 sua

247 1983 315 2042 vita
345 1998 423 2042 vera
453 1981 591 2057 fictaque
623 1962 767 2041 scribens
797 1983 831 2040 et
861 1982 925 2041 alia
954 1982 1153 2056 lepidissime
1179 1984 1422 2058 salsissimeque

248 2100 358 2156 1111111
382 2101 414 2157 11
438 2099 589 2158 iuvenem
614 2113 650 2157 se
674 2113 693 2157 a
715 2096 855 2170 quodam
880 2097 994 2172 amico,
1019 2098 1151 2158 homine
1175 2099 1333 2159 eiusmodi
1353 2114 1421 2159 sen·

248 2213 435 2287 tentiarum,
473 2227 554 2285 quae
588 2209 743 2287 παράὸοξα
779 2211 937 2286 dicuntur,
974 2212 1211 2288 amantissimo,
1243 2228 1339 2286 saepe
1370 2213 1421 2272 ad·

248 2325 411 2385 monitum
431 2341 471 2385 ne
492 2325 637 2384 carmina
657 2323 690 2381 in
709 2323 826 2396 vulgus
844 2324 952 2382 ederet
966 2357 1004 2366 -
1020 2325 1170 2384 amittere
1183 2325 1270 2384 enim
1282 2326 1424 2398 pretium

249 2455 345 2498 suurn
385 2455 466 2513 quae
504 2439 633 2512 publice
660 2438 845 2511 prostarent
875 2438 908 2495 et
937 2437 1116 2496 multorum
1148 2439 1424 2497 contrectarentur

247 2553 414 2612 manibus:
454 2552 651 2626 paucissima
690 2551 797 2625 potius
833 2563 944 2609 eorum
979 2551 1179 2625 exemplaria
1213 2552 1422 2612 describenda

246 2669 381 2741 curaret,
407 2681 488 2740 quae
512 2666 637 2725 intimis
661 2664 776 2724 amicis
799 2664 881 2723 dono
905 2665 1074 2737 darentur;
1096 2665 1204 2738 ipsum
1224 2668 1344 2741 autern,
1367 2667 1422 2741 qui

245 2780 323 2838 illud
348 2780 490 2839 dedisset
513 2779 685 2838 consilium
712 2812 750 2820 -
775 2777 983 2837 Baehrischio
1005 2779 1033 2837 ei
1053 2794 1173 2838 nomen
1191 2779 1262 2854 iuit,
1284 2779 1421 2867 nisime

245 2895 329 2954 fallit
348 2893 507 2954 memoria
528 2927 567 2935 -
589 2908 664 2952 cum
684 2891 926 2965 elegantissime
946 2891 1109 2967 scriberet,
1131 2893 1171 2951 ad
1191 2908 1267 2952 eum
1278 2893 1421 2952 laborem

247 3025 377 3083 operam
402 3024 496 3068 suam
521 3023 592 3066 esse
616 3005 806 3081 pollicitum.

291 3123 396 3181 Nolite
431 3123 543 3180 11111111
577 3122 690 3195 putare
721 3135 775 3178 me
806 3133 949 3191 unquam
981 3119 1243 3180 observationum
1274 3137 1422 3182 mearum

245 3237 306 3294 duo
345 3235 545 3309 exemplaria
579 3233 757 3292 describere
794 3232 947 3306 coepisse,
980 3247 1117 3305 quorum
1153 3235 1292 3293 alterum
1327 3235 1420 3295 alteri

199 3405 201 3412 .
246 3351 398 3409 Vestrum
434 3349 593 3408 offerrem.
630 3347 791 3406 Lubenter
826 3345 858 3404 id
892 3345 1053 3422 fecissem,
1090 3348 1152 3407 nisi
1184 3349 1421 3410 intellexissem

246 3467 325 3523 duas
345 3465 426 3522 mihi
447 3464 499 3522 hic
519 3462 631 3521 deesse
651 3477 712 3536 res,
734 3461 851 3534 quibus
872 3461 982 3533 utique
1002 3477 1082 3536 opus
1098 3466 1193 3538 esset,
1208 3465 1235 3522 si
1249 3465 1420 3525 ridiculum

245 3594 355 3636 meum
388 3580 506 3637 donum
540 3593 611 3636 1111
643 3576 772 3634 nollem.
805 3575 922 3634 Deerat
949 3576 1091 3648 primum
1115 3576 1218 3636 nitida
1241 3579 1297 3638 illa
1320 3581 1420 3639 Baeh-

244 3693 353 3750 rischii
374 3706 501 3750 manus.
522 3691 583 3749 Hic
603 3692 713 3749 tamen
735 3687 893 3748 confidere
912 3691 1059 3762 poteram
1080 3689 1145 3748 Vos
1162 3691 1300 3752 literulis
1311 3693 1421 3752 minus

245 3808 380 3864 venuste
405 3804 539 3878 depictis
564 3805 732 3862 contentos
755 3803 832 3861 1111.
858 3802 902 3860 Α1
925 3802 1034 3861 deerat
1057 3806 1284 3880 praetereaid,
1306 3806 1420 3880 inquo

244 3935 339 3977 omne
360 3919 433 3977 doni
453 3919 593 3992 pretium
613 3917 759 3978 futurum
773 3917 859 3975 erat:
873 3915 1097 3976 Goetheauum
1110 3934 1229 3978 nomen
1242 3920 1419 3994 ingenium-

244 4049 314 4105 que.
347 4034 383 4090 ln
415 4046 590 4106 paucorum
622 4031 751 4089 illorum
782 4045 854 4089 esse
886 4045 1030 4106 numero,
1059 4032 1175 4104 quibus
1198 4049 1332 4092 suarum
1356 4034 1420 4092 Mu·
1450 4053 1452 4059 ·

243 4165 353 4206 11111111
374 4148 459 4206 fetus
480 4146 642 4205 Goetheus
662 4145 778 4219 aliquis
800 4145 994 4219 committat,
1017 4145 1048 4204 id
1067 4146 1172 4205 solum
1194 4147 1260 4206 iam
1281 4149 1314 4207 in
1326 4148 1420 4207 laude

243 4265 339 4335 atque
364 4263 483 4320 honore
508 4262 558 4318 est
581 4261 774 4333 ponendum.
800 4260 844 4318 At
867 4274 977 4317 meum
1003 4260 1078 4318 dare
1102 4261 1182 4319 nihil
1203 4264 1261 4336 est,
1283 4262 1419 4321 nisime

243 4378 369 4435 dedisse
405 4377 508 4434 sciant
544 4391 641 4448 oriam
673 4373 814 4447 plurimi.
847 4374 929 4446 Ergo
961 4374 1057 4432 solita
1088 4375 1143 4434 illa
1175 4376 1419 4450 typothetarum

200 4529 201 4536 ,
242 4506 337 4564 opera
367 4505 447 4548 usus
479 4504 569 4548 sum:
603 4488 650 4546 sic
681 4488 765 4545 enim
799 4487 866 4544 1111
898 4487 1129 4546 existimabam
1161 4491 1197 4548 ut
1229 4505 1353 4565 omnes,
1386 4490 1419 4548 in
