3270 5262
721 656 763 718 45

191 845 310 907 Merito
343 846 396 906 hic
422 846 563 906 haeretis
586 845 772 921 rugatisque
797 846 841 916 (in
865 847 1074 907 annotatione
1098 847 1138 906 ad
1163 845 1226 906 275
1251 850 1329 922 sqq:

150 975 291 1034 ,ergone
324 962 400 1034 post
429 960 590 1020 incestum
621 959 787 1020 detectum
820 960 1000 1033 matrisque
1023 961 1181 1020 miserum
1205 960 1330 1020 obitum

148 1073 273 1147 aliquot
306 1089 409 1133 annos
441 1074 559 1134 Thebis
590 1073 739 1148 regnavit
747 1075 783 1132 ?”
809 1074 880 1133 Non
904 1076 955 1134 001
979 1075 1128 1135 credibile
1150 1075 1235 1134 hano
1257 1088 1329 1133 esse

146 1188 263 1261 poetae
308 1187 412 1247 nostri
452 1187 690 1248 narrationem:
733 1186 827 1260 plane
870 1187 958 1247 enim
993 1189 1102 1263 inepta
1144 1191 1194 1249 est
1233 1189 1329 1261 atque

147 1300 301 1360 absurda.
346 1301 565 1375 Expungenda
607 1315 682 1375 ergo
725 1301 883 1374 quaedam
926 1317 999 1361 esse
1040 1303 1329 1376 persuasissimum
1376 1367 1379 1373 ,

147 1415 229 1474 mihi
277 1416 339 1490 est,
383 1431 486 1488 neque
529 1417 641 1475 tamen
675 1429 751 1474 oum
784 1415 965 1475 Duentzero
999 1417 1091 1492 facio,
1127 1418 1181 1491 qui
1215 1433 1330 1477 versus

147 1529 211 1588 275
245 1544 297 1602 sq.
332 1529 473 1588 damnat.
507 1528 574 1602 Quo
599 1529 686 1588 eninr
712 1529 844 1591 consilio
868 1530 994 1588 additos
1018 1529 1091 1588 illos
1115 1531 1330 1592 censeamus?

146 1642 327 1703 Praeterea
357 1642 471 1702 deletis
502 1642 566 1701 illis
593 1643 705 1717 restat,
731 1643 814 1715 quod
837 1642 889 1700 vel
913 1643 1061 1702 maxime
1085 1643 1227 1720 offendit,
1252 1644 1331 1705 illud

145 1753 309 1835 γημαμένη
323 1801 329 1812 .
343 1801 368 1813 ..
395 1749 508 1832 ’μημεο
540 1756 611 1814 Non
642 1770 717 1829 ergo
747 1770 880 1814 versum
910 1756 973 1814 275
999 1771 1073 1815 cum
1096 1759 1251 1831 sequente
1274 1757 1330 1818 sed

147 1885 223 1929 cum
271 1869 482 1944 praecedente
525 1869 674 1943 equidem
716 1868 902 1943 deleverim,
941 1883 1004 1941 quo
1038 1868 1124 1929 10010
1160 1871 1332 1945 aptissima

147 1984 230 2043 haec
256 1986 355 2057 atque
378 1983 472 2056 plane
496 1983 665 2056 perspicua
691 1981 827 2041 restabit
850 1982 1009 2041 narratio:
1037 1982 1205 2056 ,Epicaste
1229 1985 1332 2044 inscia

146 2097 306 2157 horribile
336 2096 496 2171 flagitium
525 2095 706 2155 commisit:
732 2094 797 2155 11110
821 2111 880 2154 0110
904 2095 1023 2170 nupsit.
1049 2096 1081 2154 Is
1106 2097 1216 2161 enim
1240 2100 1332 2173 patre

31 2259 32 2264 ,
148 2227 208 2271 suo
247 2211 355 2271 occiso
390 2210 508 2269 Thebis
542 2225 678 2283 regnum
711 2209 867 2269 obtinuit:
899 2210 945 2269 sic
977 2210 1020 2269 dii
1051 2210 1196 2271 crudeles
1226 2212 1330 2271 decre-

147 2327 278 2385 verant.
310 2325 354 2383 At
384 2324 440 2383 illa
470 2323 643 2397 suspendio
675 2323 779 2381 vitam
806 2320 929 2382 finivit:
962 2323 1031 2396 ipse
1062 2338 1138 2383 vero
1169 2324 1258 2384 solus
1285 2341 1330 2384 re-

147 2439 249 2498 lictus
273 2437 351 2497 10011
373 2437 582 2510 torquebatur
603 2435 832 2495 conscientia.’'
853 2436 945 2496 Nunc
965 2452 1030 2496 non
1050 2438 1166 2497 dicitur
1185 2437 1332 2498 detectus

150 2568 224 2612 esse
250 2553 412 2610 incestus:
437 2551 493 2610 sed
517 2551 587 2609 sine
607 2549 673 2609 ullo
694 2550 812 2609 damno
832 2549 929 2609 huius
948 2551 995 2609 rei
1014 2551 1138 2610 mentio
1159 2551 1331 2610 omittitur.

150 2666 293 2726 Mortem
317 2665 378 2724 sibi
402 2664 559 2725 conscivit
581 2662 747 2737 Epicaste:
769 2663 848 2721 our?
869 2663 1020 2737 quando?
1039 2663 1162 2737 Nempe
1182 2665 1333 2725 taedebat

151 2795 227 2839 eam
261 2779 349 2838 vitae
379 2780 551 2853 postquam
583 2777 658 2850 quid
682 2777 814 2836 10010001
838 2777 997 2851 cognovit.
1023 2776 1092 2835 Nisi
1116 2778 1331 2855 cognovisset,

152 2894 277 2967 opinor,
310 2891 470 2966 placidam
504 2891 683 2965 peregisset
713 2889 817 2949 vitam
853 2889 953 2950 donec
987 2890 1077 2950 senio
1113 2889 1331 2951 conficeretur.

151 3006 277 3066 Deinde
309 3005 448 3079 Oedipus
479 3006 570 3079 patre
601 3020 660 3064 suo
689 3004 883 3074 (Thebarum
907 3009 991 3078 rege)
1017 3004 1122 3064 occiso
1145 3021 1204 3064 rex
1227 3005 1333 3065 factus

153 3121 283 3179 dicitur.
308 3119 434 3178 Addere
456 3133 536 3192 opus
556 3133 620 3177 non
640 3120 707 3178 est:
731 3119 784 3194 ,et
804 3118 951 3192 reginam
970 3119 1104 3178 viduam
1123 3119 1244 3179 10010111
1264 3120 1333 3192 ipse

153 3234 288 3292 duxit”:
320 3233 381 3292 hoc
411 3233 498 3291 enim
530 3234 644 3306 sponte
674 3232 781 3305 quivis
811 3232 972 3307 intelligit.
1007 3233 1068 3291 Sed
1092 3247 1206 3292 versus
1236 3248 1332 3292 ame

153 3349 286 3406 notatos
310 3347 432 3407 addidit
454 3346 509 3419 qui
532 3362 597 3406 non
620 3346 816 3420 perspiceret
840 3345 919 3406 illud

670 3453 686 3518 ὃ
711 3455 743 3518 δὲ
765 3457 824 3518 fio
847 3453 944 3538 πατέρ’
971 3455 1138 3538 ἐξεναρίξας

381 3571 542 3651 Καδμείων
565 3569 712 3632 &fotradus
734 3576 817 3632 θεῶν
841 3568 928 3644 ὀλοὰς
952 3569 1001 3631 διὰ
1025 3572 1136 3651 βουλάς

156 3686 380 3761 praecedentis
398 3683 554 3766 γημαμένη
573 3688 620 3768 td
640 3679 683 3746 υἷι
704 3688 867 3746 0001111010
889 3687 1149 3760 explicationem.
1170 3687 1333 3747 Ettamen

156 3801 260 3860 lector
282 3815 346 3860 non
369 3800 577 3860 tardissimus
600 3800 694 3860 facile
718 3815 760 3859 ex
785 3801 825 3859 iis
849 3816 930 3873 quae
954 3802 1080 3860 restant
1104 3801 1231 3860 crudele
1254 3800 1333 3860 illud

158 3914 292 3973 deorum
317 3914 488 3973 consilium
512 3914 692 3974 cuiusmodi
716 3914 813 3973 fuerit
837 3916 869 3972 et
889 3929 951 3987 quo
971 3915 1081 3974 ordine
1103 3915 1147 3973 sit
1166 3916 1333 3988 peractum

160 4027 340 4100 cognoscit:
368 4042 484 4102 ,suum
504 4027 573 4100 ipse
593 4028 719 4101 patrem
740 4027 856 4085 occidit
877 4027 1033 4101 Oedipus:
1055 4027 1088 4087 in
1108 4027 1178 4086 eius
1197 4043 1333 4101 regnum

160 4141 318 4200 successit
341 4142 373 4200 et
396 4142 541 4214 reginam
566 4141 660 4200 duxit
681 4154 828 4214 uxorem,
853 4155 948 4200 suam
972 4140 1041 4214 ipse
1065 4142 1238 4201 matrem''.

204 4255 329 4313 Ansam
365 4270 439 4329 ergo
475 4253 733 4329 interpolationis
771 4253 882 4313 datam
917 4255 1067 4314 videmus
1101 4255 1260 4328 particula
1294 4251 1335 4326 di,

161 4383 260 4441 quam
290 4367 351 4444 hic,
383 4369 420 4426 ut
443 4383 539 4442 saepe
563 4367 647 4442 alibi,
674 4367 809 4426 eandem
833 4369 899 4427 fere
924 4383 1022 4440 quam
1045 4366 1100 4448 μὰρ
1124 4369 1193 4427 vim
1217 4368 1334 4428 habere

162 4481 330 4542 falsarium
354 4481 447 4556 fugit.
