3270 5262
752 661 794 720 65

229 851 296 910 380
321 864 389 923 sqq.

343 960 394 1022 τὸν
417 955 446 1020 δ’
470 958 708 1039 ἀπαμειβόμενος
731 957 867 1041 προσέφη
890 961 1052 1038 πολύμητις
1070 955 1238 1032 Ὀδυσσεύς·

345 1067 367 1136 ὦ
389 1073 491 1153 πόποι,
513 1072 553 1147 ἀς
575 1071 633 1155 ἀρα
655 1073 764 1146 τυτθὸς
788 1072 855 1152 lev,
874 1068 997 1152 Ἐύμαιε
1020 1075 1148 1151 συβῶτα,

345 1187 454 1250 πολλὸν
476 1187 689 1270 ἀπεπλάγχθης
712 1196 766 1267 σῆς
788 1187 929 1268 πατρίδος
952 1183 1005 1265 ἠδέ
1027 1187 1151 1264 τοκήων.

345 1298 408 1362 ἀλλ’
435 1300 487 1383 ἀγε
510 1325 560 1380 μοι
582 1301 649 1363 τόδε
671 1300 757 1363 ίειπέ
778 1299 834 1362 κτέ.

232 1418 296 1478 Hic
326 1433 384 1478 vos
416 1418 546 1477 auctore
576 1387 819 1477 Eriedlaendero
850 1431 965 1476 versus
993 1416 1056 1476 381
1080 1431 1127 1490 sq.
1153 1416 1277 1476 deletis,
1303 1418 1364 1478 Sed

184 1532 264 1606 quis
287 1546 431 1604 unquam
454 1530 561 1590 verbis
585 1524 646 1589 ἀλλ’
674 1526 726 1609 ἀγε
749 1530 977 1590 allocutionem
1001 1529 1052 1589 est
1075 1533 1235 1590 exorsus?

236 1757 303 1816 398
327 1769 395 1828 sqq.
420 1755 517 1815 Plura
540 1755 689 1815 audiendi
708 1754 921 1828 narrandique
941 1754 1074 1828 cupidus
1093 1754 1257 1815 Eumaeus
1279 1758 1365 1831 „dor-

186 1870 277 1930 miat
300 1867 354 1942 qui
377 1867 477 1927 velit’'
502 1868 548 1927 ait

353 1989 405 2040 νῶι
428 1974 457 2040 δ’
483 1977 527 2040 ivi
549 1979 645 2064 κλισίη
667 1977 786 2040 πίνοντέ
809 2001 838 2040 τε
861 1977 1028 2058 δαινυμένω
1052 2000 1080 2039 τε

350 2093 472 2171 κήδεσιν
494 2090 627 2171 ἀλλήλων
650 2093 825 2174 τερπώμεθα
847 2091 1037 2174 λευγαλέοισι,

239 2209 307 2268 400
351 2203 518 2285 μναομένω·
541 2206 612 2285 μετὰ
633 2206 688 2287 γάρ
711 2205 812 2268 τεκαὶ
835 2205 933 2288 ἀλγεσι
955 2205 1087 2289 τέρπεται
1110 2205 1197 2288 ἀνὴρ,

352 2319 385 2392 ἀς
406 2343 450 2392 τις
473 2318 511 2398 δὴ
535 2321 612 2398 μύλα
635 2319 729 2381 πολλὰ
751 2321 838 2406 πάθη
861 2320 911 2382 καὶ
933 2317 1018 2383 πόλλ’
1046 2320 1192 2406 ἐπαληθῇ.

241 2435 381 2496 Omnino
404 2434 573 2496 vobiscum
591 2437 674 2497 facio
693 2452 826 2497 versum
846 2438 908 2497 401
931 2437 1169 2512 damnantibus,
1191 2438 1247 2497 sed
1266 2439 1369 2499 multo

190 2549 299 2608 etiam
321 2547 377 2607 illa
400 2550 487 2608 sorte
511 2550 635 2623 dignior
658 2566 707 2610 vs.
732 2552 796 2610 400
816 2552 953 2610 videtur.
973 2551 1117 2624 Utroque
1137 2553 1247 2612 autem
1268 2554 1369 2612 eiecto

190 2661 297 2721 simul
326 2664 485 2734 quomodo
516 2666 593 2724 nata
622 2665 667 2724 sit
696 2665 900 2740 interpolatio
932 2667 1072 2738 apparet.
1103 2665 1214 2738 „Alter
1237 2666 1371 2726 alterius

192 2775 397 2836 delectemur
430 2777 548 2836 malis'’
586 2779 749 2839 Eumaeus
783 2779 845 2838 ait:
879 2778 1006 2838 crudele
1036 2778 1097 2838 hoc
1127 2779 1235 2852 inepto
1266 2794 1370 2853 gram·

192 2889 319 2949 matico
353 2891 461 2951 visum
497 2894 530 2951 et
559 2893 667 2966 aliqua
696 2892 911 2966 explicatione
941 2892 1167 2966 mitigandum.
1198 2892 1290 2952 Nunc
1320 2892 1372 2951 vel

191 3018 262 3062 uno
286 3002 341 3063 illo
367 3001 523 3082 μναομένω
547 3006 741 3066 manifestus
763 3007 893 3066 tenetur
915 3005 1044 3065 sciolus.

243 3228 310 3288 403
341 3243 410 3302 sqq.
443 3229 495 3289 Sic
518 3230 557 3289 de
580 3231 684 3304 patria
707 3245 768 3289 sua
790 3231 824 3290 et
845 3229 1032 3303 parentibus
1056 3244 1187 3288 narrare
1209 3228 1371 3287 Eumaeus

195 3341 330 3415 incipit:

377 3454 468 3533 νῆσός
491 3477 533 3528 τις
555 3455 654 3536 Συρίη
676 3453 870 3540 κικλῄσκετοιι,
892 3453 921 3514 εἴ
939 3448 1016 3515 ποθ’
1042 3451 1170 3532 ἀκούεις,

374 3561 526 3648 Ὀρτυγίης
547 3569 753 3649 καθύπερθεν,
775 3567 827 3628 ὅθι
848 3565 955 3647 τροπαὶ
977 3565 1097 3646 ἠελίοιο,

378 3677 414 3740 ού
437 3703 464 3740 τι
486 3680 673 3762 περιπληθὴς
697 3682 764 3760 λίην
786 3681 883 3759 τόσον,
906 3676 969 3742 ἀλλ’
996 3679 1098 3762 ἀγαθὴ
1122 3677 1186 3759 μὲν,

378 3791 499 3872 εὔβοτος
523 3793 649 3874 εύμηλος
670 3793 881 3874 ίοινοπληθης
904 3795 1085 3875 πολύπυρος.

246 3905 324 3982 Quis
347 3923 491 3983 unquam
509 3912 703 3986 particulam
723 3907 785 3988 μέν,
806 3912 891 3970 sicut
910 3909 948 3970 fit
966 3925 1014 3969 vs
1036 3911 1111 3986 405,
1132 3908 1273 3984 positam
1293 3909 1375 3967 vidit

196 4022 235 4080 in
258 4017 322 4078 fine
345 4024 527 4084 sententiae
550 4025 701 4084 simulet
723 4037 844 4097 versuo,
866 4024 899 4082 et
919 4038 993 4082 oum
1012 4021 1171 4097 particula
1189 4017 1262 4079 ἀλλά
1280 4036 1374 4093 nega·

196 4132 283 4194 tioni
302 4137 507 4210 oppositam?
526 4137 573 4198 Ne
592 4136 764 4196 mediocris
784 4135 914 4208 quidem
933 4137 1047 4210 po'e'tae
1067 4135 1146 4195 illud
1165 4149 1237 4194 esse
1253 4134 1373 4207 opinor,

197 4253 259 4314 sed
283 4251 361 4311 olim
383 4251 505 4312 lectum
527 4251 580 4311 hic
602 4251 704 4311 fuisse
727 4250 889 4324 suspicor:

381 4361 418 4424 ού
440 4385 467 4424 τι
489 4362 676 4444 περιπληθὴς
699 4362 767 4441 λίην
789 4361 886 4440 τόσον,
908 4359 982 4422 ἀλλὰ
1005 4357 1072 4440 μάλ’
1099 4359 1200 4438 έσθλή.

247 4479 424 4551 Postquam
454 4471 520 4555 μάλ’
554 4477 758 4552 praecedenti
788 4473 860 4534 ἀλλά
891 4477 1079 4550 absorptum
1110 4477 1169 4551 est,
1194 4475 1311 4548 aliquis
1335 4490 1376 4533 ex

1281 4582 1295 4624 τ
