3270 5262
672 1363 932 1473 LIBER
981 1365 1046 1472 X.

411 1773 470 1864 10v
496 1814 615 1883 κνισῆεν
640 1803 672 1865 δέ
694 1829 722 1865 ιε
747 1806 830 1883 δῶμα
854 1807 1114 1886 περιστεναχίζεται
1134 1806 1219 1890 utiq.

320 1919 370 1978 Sic
414 1921 491 1979 olim
534 1921 703 1980 edebatur:
743 1936 802 1981 vos
836 1921 1039 1996 ingeniosam
1073 1921 1246 1981 Duentzeri
1280 1921 1462 1994 recepistis

275 2033 493 2093 coniecturam
517 2029 752 2112 αερισιεναχίζει’
781 2032 988 2121 dordqtluae
1014 2037 1099 2096 certe
1123 2036 1184 2095 hoc
1204 2035 1461 2095 commendatur

277 2149 468 2220 argumento
502 2150 586 2221 quod
621 2147 717 2208 verbo
751 2148 1009 2225 περιστεναχίζεται
1043 2145 1152 2209 ndllus
1182 2149 1269 2208 recte
1301 2147 1461 2207 adiicitur

277 2261 407 2321 dativus
437 2263 500 2322 nisi
531 2265 559 2322 is
590 2279 652 2337 quo
683 2279 735 2322 res
765 2262 965 2338 significetur
996 2278 1077 2336 quae
1107 2266 1144 2324 ut
1175 2264 1290 2323 domus
1320 2265 1461 2322 resonet

277 2375 403 2435 efficiat.
440 2377 571 2452 Tamen,
604 2377 684 2436 licet·
709 2378 865 2437 vitiosum
896 2393 969 2436 esse
1000 2376 1076 2458 utiq
1107 2378 1290 2452 concedam,
1323 2377 1405 2436 illud
1440 2392 1461 2435 a

277 2491 407 2549 vetusto
437 2493 533 2563 poeta
563 2492 721 2565 scriptum
752 2506 824 2550 esse
854 2491 938 2564 quod
968 2491 1169 2549 Duentzerus
1196 2491 1299 2550 voluit
1323 2491 1459 2549 credere

278 2619 342 2663 non
376 2618 519 2677 possum.
552 2605 698 2664 Primum
729 2606 993 2679 gemiscendi
1023 2605 1158 2665 verbum
1190 2621 1304 2680 pamm
1337 2607 1457 2679 aptum

278 2718 406 2777 videtur
437 2719 532 2778 claris
562 2720 694 2779 vocibus
726 2721 936 2780 convivarum
967 2721 1051 2779 laete
1082 2722 1178 2793 atque
1209 2720 1355 2779 hilariter
1380 2735 1457 2778 ean-

279 2835 430 2895 tantium.
461 2835 583 2895 Deinde
613 2843 733 2912 κνισῆεν
763 2837 810 2895 ita
840 2836 982 2910 positum
1014 2837 1064 2895 est
1087 2837 1132 2910 ut,
1157 2834 1233 2894 licet
1256 2835 1459 2895 substantivi

281 2949 365 3025 δῶμα
384 2950 428 3010 sit
448 2951 622 3026 epitheton,
643 2954 755 3010 tamen
774 2951 873 3010 simul
890 2951 989 3010 etiam
1003 2965 1077 3009 curn
1089 2950 1270 3009 sententiae
1283 2950 1460 3009 cohaereat

281 3064 388 3123 verbo.
412 3065 555 3124 Verbum
579 3080 654 3139 ergo
678 3066 847 3138 exspectes
871 3080 932 3137 quo
956 3079 1020 3123 non
1044 3063 1170 3122 sonitus
1194 3064 1319 3123 dicatur
1338 3063 1459 3136 aliquis

282 3179 339 3237 sed
369 3179 461 3238 nidor
492 3195 563 3238 esse
595 3161 680 3239 circa
709 3179 842 3238 domum
875 3179 980 3238 carnis
1011 3177 1078 3252 igni
1105 3177 1286 3250 impositae.
1311 3177 1459 3250 Denique

283 3293 423 3365 graviori
453 3293 565 3353 morbo
599 3293 724 3353 laborat
754 3308 869 3353 versus
899 3308 997 3366 quam
1028 3292 1083 3365 qui
1113 3306 1176 3350 uno
1200 3291 1355 3350 vocabulo
1379 3289 1459 3373 αὐλῇ

284 3409 411 3467 mutato
435 3409 543 3468 sanari
565 3409 677 3483 possit.

332 3638 374 3696 64
405 3652 473 3710 sqq.
501 3637 656 3711 Ulyssem
679 3638 718 3697 ad
742 3637 833 3698 Aeoli
857 3637 999 3697 insulam
1022 3635 1130 3695 ventis
1152 3634 1309 3693 reiectum
1333 3632 1459 3693 sicilie

155 3743 157 3750 ’
203 3805 204 3810 ,
287 3751 475 3826 alloquitur:

422 3875 485 3939 πῶς
507 3857 609 3944 ἦλθες,
628 3861 768 3939 Ὀδνσεῦ;
788 3863 830 3936 τίς
853 3885 897 3923 τοι
920 3861 1010 3935 κακὸς
1033 3861 1115 3942 ἔχραε
1140 3860 1271 3938 δαίμων;

423 3970 443 4058 ἦ
467 3978 519 4057 μέν
544 3974 570 4038 α’
598 3977 742 4051 ἐνδυκέως
766 3975 986 4055 ἀπεπέμπομεν,
1009 3971 1078 4056 ὄφρ’
1105 3973 1226 4051 ἀφίκοιο

424 4094 551 4174 πατρίδα
574 4092 631 4171 σὴν
654 4089 704 4152 καὶ
728 4093 812 4169 δῶμα
835 4087 885 4150 καὶ
908 4089 938 4150 εἴ
955 4090 1015 4151 πού
1039 4089 1136 4160 (ποθί)
1159 4110 1203 4148 ιοι
1227 4087 1315 4164 φίλον
1339 4085 1392 4163 εἴη.

335 4209 510 4284 Corruptus
537 4211 588 4269 est
610 4209 746 4268 ultimus
769 4221 900 4280 versus;
924 4220 1001 4264 nam
1026 4219 1106 4278 qnae
1130 4202 1292 4262 sententia
1315 4200 1385 4260 sola
1408 4197 1459 4257 hic

288 4326 365 4386 ferri
387 4325 507 4399 possit:
535 4327 591 4399 „ut
613 4323 741 4383 venires
765 4321 798 4380 in
821 4321 961 4396 patriam
982 4321 1084 4393 tuam,
1106 4318 1302 4389 domumque
1322 4315 1354 4374 et
1373 4312 1458 4387 quid·

291 4439 365 4514 quid
395 4439 461 4499 illic
491 4437 550 4498 tibi
581 4453 692 4497 carum
724 4437 805 4513 est‚”
838 4450 877 4495 ea
906 4450 923 4494 e
954 4433 1062 4493 verbis
1091 4430 1220 4491 traditis
1244 4429 1316 4490 elici
1339 4426 1457 4502 nequit,
