<?xml version="1.0" encoding="UTF-8"?>
<!DOCTYPE html PUBLIC "-//W3C//DTD XHTML 1.0 Transitional//EN"
    "http://www.w3.org/TR/xhtml1/DTD/xhtml1-transitional.dtd">
<html xmlns="http://www.w3.org/1999/xhtml" xml:lang="en" lang="en">
 <head>
  <title>
</title>
<meta http-equiv="Content-Type" content="text/html;charset=utf-8" />
  <meta name='ocr-system' content='tesseract 3.04.00' />
  <meta name='ocr-capabilities' content='ocr_page ocr_carea ocr_par ocr_line ocrx_word'/>
</head>
<body>
  <div class='ocr_page' id='page_1' title='image "./epistolacritica00costgoog_0031.png"; bbox 0 0 3270 5262; ppageno 0'>
   <div class='ocr_carea' id='block_1_1' title="bbox 822 581 862 639">
    <p class='ocr_par' dir='ltr' id='par_1_1' title="bbox 822 581 862 639">
     <span class='ocr_line' id='line_1_1' title="bbox 822 581 862 639; baseline 0.025 -1"><span class='ocrx_word' id='word_1_1' title='bbox 822 581 862 639; x_wconf 80' lang='lat'>22</span> 
     </span>
    </p>
   </div>
   <div class='ocr_carea' id='block_1_2' title="bbox 253 767 1428 1304">
    <p class='ocr_par' dir='ltr' id='par_1_2' title="bbox 253 767 1428 1075">
     <span class='ocr_line' id='line_1_2' title="bbox 253 767 1426 849; baseline -0.003 -17"><span class='ocrx_word' id='word_1_2' title='bbox 253 772 426 849; x_wconf 72' lang='lat' dir='ltr'>poetasten</span> <span class='ocrx_word' id='word_1_3' title='bbox 464 769 514 829; x_wconf 88' lang='lat' dir='ltr'>cui</span> <span class='ocrx_word' id='word_1_4' title='bbox 548 770 615 828; x_wconf 89' lang='lat' dir='ltr'>tres</span> <span class='ocrx_word' id='word_1_5' title='bbox 646 767 694 826; x_wconf 91' lang='lat' dir='ltr'>illi</span> <span class='ocrx_word' id='word_1_6' title='bbox 724 767 879 827; x_wconf 74' lang='lat' dir='ltr'>debentur</span> <span class='ocrx_word' id='word_1_7' title='bbox 909 784 1033 845; x_wconf 70' lang='lat' dir='ltr'>versus</span> <span class='ocrx_word' id='word_1_8' title='bbox 1065 767 1145 828; x_wconf 89' lang='lat' dir='ltr'>nihil</span> <span class='ocrx_word' id='word_1_9' title='bbox 1173 768 1226 828; x_wconf 93' lang='lat' dir='ltr'>hic</span> <span class='ocrx_word' id='word_1_10' title='bbox 1255 768 1426 829; x_wconf 78' lang='lat' dir='ltr'>intellexit.</span> 
     </span>
     <span class='ocr_line' id='line_1_3' title="bbox 253 881 1428 958; baseline -0.003 -12"><span class='ocrx_word' id='word_1_11' title='bbox 253 888 323 946; x_wconf 91' lang='lat' dir='ltr'>Hoc</span> <span class='ocrx_word' id='word_1_12' title='bbox 354 899 479 958; x_wconf 89' lang='lat' dir='ltr'>quoque</span> <span class='ocrx_word' id='word_1_13' title='bbox 512 882 636 943; x_wconf 89' lang='lat' dir='ltr'>accedit</span> <span class='ocrx_word' id='word_1_14' title='bbox 667 881 750 954; x_wconf 89' lang='lat' dir='ltr'>quod</span> <span class='ocrx_word' id='word_1_15' title='bbox 781 896 860 941; x_wconf 89' lang='lat' dir='ltr'>mox</span> <span class='ocrx_word' id='word_1_16' title='bbox 890 882 1055 958; x_wconf 81' lang='lat' dir='ltr'>Euryclea,</span> <span class='ocrx_word' id='word_1_17' title='bbox 1081 883 1159 942; x_wconf 91' lang='lat' dir='ltr'>dum</span> <span class='ocrx_word' id='word_1_18' title='bbox 1182 883 1295 943; x_wconf 87' lang='lat' dir='ltr'>heram</span> <span class='ocrx_word' id='word_1_19' title='bbox 1318 899 1338 942; x_wconf 90' lang='lat' dir='ltr'>a</span> <span class='ocrx_word' id='word_1_20' title='bbox 1359 899 1428 958; x_wconf 93' lang='lat' dir='ltr'>pro-</span> 
     </span>
     <span class='ocr_line' id='line_1_4' title="bbox 254 996 930 1075; baseline -0.006 -15"><span class='ocrx_word' id='word_1_21' title='bbox 254 1001 359 1075; x_wconf 89' lang='lat' dir='ltr'>posito</span> <span class='ocrx_word' id='word_1_22' title='bbox 383 999 539 1058; x_wconf 91' lang='lat' dir='ltr'>abducere</span> <span class='ocrx_word' id='word_1_23' title='bbox 564 997 706 1072; x_wconf 88' lang='lat' dir='ltr'>conatur,</span> <span class='ocrx_word' id='word_1_24' title='bbox 732 996 930 1056; x_wconf 88' lang='lat' dir='ltr'>haecdicit:</span> 
     </span>
    </p>

    <p class='ocr_par' dir='ltr' id='par_1_3' title="bbox 432 1105 1223 1190">
     <span class='ocr_line' id='line_1_5' title="bbox 432 1105 1223 1190; baseline 0.003 -22"><span class='ocrx_word' id='word_1_25' title='bbox 432 1105 506 1188; x_wconf 78' lang='grc' dir='ltr'>μηδὲ</span> <span class='ocrx_word' id='word_1_26' title='bbox 528 1106 651 1190; x_wconf 80' lang='grc' dir='ltr'><em>γέροντα</em></span> <span class='ocrx_word' id='word_1_27' title='bbox 673 1107 768 1170; x_wconf 81' lang='grc' dir='ltr'><strong><em>κάκου</em></strong></span> <span class='ocrx_word' id='word_1_28' title='bbox 791 1107 1006 1188; x_wconf 80' lang='grc' dir='ltr'><em>κεκακωμένον.</em></span> <span class='ocrx_word' id='word_1_29' title='bbox 1030 1108 1066 1170; x_wconf 79' lang='lat' dir='ltr'>od</span> <span class='ocrx_word' id='word_1_30' title='bbox 1090 1108 1145 1190; x_wconf 82' lang='grc' dir='ltr'>γὰρ</span> <span class='ocrx_word' id='word_1_31' title='bbox 1171 1105 1223 1170; x_wconf 79' lang='grc' dir='ltr'>ὀίω</span> 
     </span>
    </p>

    <p class='ocr_par' dir='ltr' id='par_1_4' title="bbox 430 1221 1162 1304">
     <span class='ocr_line' id='line_1_6' title="bbox 430 1221 1162 1304; baseline 0.001 -21"><span class='ocrx_word' id='word_1_32' title='bbox 430 1222 528 1303; x_wconf 81' lang='grc' dir='ltr'><em>πάγχυ</em></span> <span class='ocrx_word' id='word_1_33' title='bbox 554 1227 638 1294; x_wconf 84' lang='grc' dir='ltr'><em>θεοῖς</em></span> <span class='ocrx_word' id='word_1_34' title='bbox 661 1221 822 1302; x_wconf 78' lang='grc' dir='ltr'><em>μακάρεσσι</em></span> <span class='ocrx_word' id='word_1_35' title='bbox 840 1221 935 1304; x_wconf 78' lang='grc' dir='ltr'><em>γονὴν</em></span> <span class='ocrx_word' id='word_1_36' title='bbox 956 1222 1162 1303; x_wconf 76' lang='grc' dir='ltr'><em>Ἀρπεσσιέὸαο</em></span> 
     </span>
    </p>
   </div>
   <div class='ocr_carea' id='block_1_3' title="bbox 431 1330 1275 1421">
    <p class='ocr_par' dir='ltr' id='par_1_5' title="bbox 431 1330 1275 1421">
     <span class='ocr_line' id='line_1_7' title="bbox 431 1330 1275 1421; baseline 0.001 -25"><span class='ocrx_word' id='word_1_37' title='bbox 431 1330 565 1416; x_wconf 75' lang='grc' dir='ltr'><em>ἔχθεσθ’,</em></span> <span class='ocrx_word' id='word_1_38' title='bbox 587 1331 650 1395; x_wconf 76' lang='grc' dir='ltr'>ἀλλ’</span> <span class='ocrx_word' id='word_1_39' title='bbox 678 1333 719 1396; x_wconf 83' lang='grc' dir='ltr'>έτι</span> <span class='ocrx_word' id='word_1_40' title='bbox 741 1337 802 1398; x_wconf 83' lang='grc' dir='ltr'><strong><em>πού</em></strong></span> <span class='ocrx_word' id='word_1_41' title='bbox 824 1360 867 1409; x_wconf 82' lang='grc' dir='ltr'>τις</span> <span class='ocrx_word' id='word_1_42' title='bbox 891 1333 1040 1397; x_wconf 72' lang='grc' dir='ltr'><strong><em>ἐπέσσεται</em></strong></span> <span class='ocrx_word' id='word_1_43' title='bbox 1064 1335 1096 1409; x_wconf 79' lang='grc' dir='ltr'>ὅς</span> <span class='ocrx_word' id='word_1_44' title='bbox 1119 1358 1171 1397; x_wconf 85' lang='grc' dir='ltr'><em>ιιεν</em></span> <span class='ocrx_word' id='word_1_45' title='bbox 1194 1335 1275 1421; x_wconf 81' lang='grc' dir='ltr'><em>έχχγσι</em></span> 
     </span>
    </p>
   </div>
   <div class='ocr_carea' id='block_1_4' title="bbox 254 1444 1433 2422">
    <p class='ocr_par' dir='ltr' id='par_1_6' title="bbox 430 1444 1296 1532">
     <span class='ocr_line' id='line_1_8' title="bbox 430 1444 1296 1532; baseline 0 -22"><span class='ocrx_word' id='word_1_46' title='bbox 430 1447 550 1526; x_wconf 80' lang='grc' dir='ltr'><strong><em>δώματά</em></strong></span> <span class='ocrx_word' id='word_1_47' title='bbox 572 1444 606 1509; x_wconf 76' lang='grc' dir='ltr'>θ’</span> <span class='ocrx_word' id='word_1_48' title='bbox 633 1447 777 1529; x_wconf 80' lang='grc' dir='ltr'><strong>ὑψόροφα</strong></span> <span class='ocrx_word' id='word_1_49' title='bbox 800 1448 851 1510; x_wconf 78' lang='grc' dir='ltr'>καὶ</span> <span class='ocrx_word' id='word_1_50' title='bbox 873 1447 1027 1530; x_wconf 79' lang='grc' dir='ltr'><strong><em>ἀπόπροθι</em></strong></span> <span class='ocrx_word' id='word_1_51' title='bbox 1046 1449 1154 1523; x_wconf 82' lang='grc' dir='ltr'><strong><em>πίονας</em></strong></span> <span class='ocrx_word' id='word_1_52' title='bbox 1177 1449 1296 1532; x_wconf 81' lang='grc' dir='ltr'><em>ἀγρούς.</em></span> 
     </span>
    </p>

    <p class='ocr_par' dir='ltr' id='par_1_7' title="bbox 254 1565 1433 2422">
     <span class='ocr_line' id='line_1_9' title="bbox 298 1565 1431 1642; baseline 0 -16"><span class='ocrx_word' id='word_1_53' title='bbox 298 1567 439 1642; x_wconf 76' lang='lat' dir='ltr'>Quomm</span> <span class='ocrx_word' id='word_1_54' title='bbox 478 1580 593 1624; x_wconf 90' lang='lat' dir='ltr'>sensus</span> <span class='ocrx_word' id='word_1_55' title='bbox 623 1565 677 1624; x_wconf 89' lang='lat' dir='ltr'>hio</span> <span class='ocrx_word' id='word_1_56' title='bbox 708 1568 772 1625; x_wconf 89' lang='lat' dir='ltr'>est:</span> <span class='ocrx_word' id='word_1_57' title='bbox 809 1565 894 1640; x_wconf 87' lang='lat' dir='ltr'>„noli</span> <span class='ocrx_word' id='word_1_58' title='bbox 925 1582 1038 1626; x_wconf 88' lang='lat' dir='ltr'>senem</span> <span class='ocrx_word' id='word_1_59' title='bbox 1069 1566 1151 1626; x_wconf 85' lang='lat' dir='ltr'>satis</span> <span class='ocrx_word' id='word_1_60' title='bbox 1181 1567 1249 1626; x_wconf 88' lang='lat' dir='ltr'>iam</span> <span class='ocrx_word' id='word_1_61' title='bbox 1272 1567 1431 1626; x_wconf 91' lang='lat' dir='ltr'>misemm</span> 
     </span>
     <span class='ocr_line' id='line_1_10' title="bbox 254 1678 1431 1755; baseline -0.001 -14"><span class='ocrx_word' id='word_1_62' title='bbox 254 1684 373 1741; x_wconf 93' lang='lat' dir='ltr'>terrere</span> <span class='ocrx_word' id='word_1_63' title='bbox 405 1679 518 1738; x_wconf 90' lang='lat' dir='ltr'>nuntio</span> <span class='ocrx_word' id='word_1_64' title='bbox 550 1678 760 1738; x_wconf 85' lang='lat' dir='ltr'>tristissimae</span> <span class='ocrx_word' id='word_1_65' title='bbox 791 1679 847 1755; x_wconf 88' lang='lat' dir='ltr'>rei,</span> <span class='ocrx_word' id='word_1_66' title='bbox 879 1695 978 1752; x_wconf 89' lang='lat' dir='ltr'>quam</span> <span class='ocrx_word' id='word_1_67' title='bbox 1008 1695 1049 1740; x_wconf 92' lang='lat' dir='ltr'>ne</span> <span class='ocrx_word' id='word_1_68' title='bbox 1080 1682 1272 1740; x_wconf 86' lang='lat' dir='ltr'>eventuram</span> <span class='ocrx_word' id='word_1_69' title='bbox 1301 1681 1431 1754; x_wconf 90' lang='lat' dir='ltr'>quidem</span> 
     </span>
     <span class='ocr_line' id='line_1_11' title="bbox 254 1792 1432 1868; baseline 0 -14"><span class='ocrx_word' id='word_1_70' title='bbox 254 1809 312 1868; x_wconf 87' lang='lat' dir='ltr'>ego</span> <span class='ocrx_word' id='word_1_71' title='bbox 344 1792 497 1852; x_wconf 90' lang='lat' dir='ltr'>arbitror:</span> <span class='ocrx_word' id='word_1_72' title='bbox 523 1792 654 1852; x_wconf 87' lang='lat' dir='ltr'>evitatis</span> <span class='ocrx_word' id='word_1_73' title='bbox 678 1793 765 1852; x_wconf 91' lang='lat' dir='ltr'>enim</span> <span class='ocrx_word' id='word_1_74' title='bbox 789 1808 959 1867; x_wconf 90' lang='lat' dir='ltr'>procorum</span> <span class='ocrx_word' id='word_1_75' title='bbox 983 1793 1108 1853; x_wconf 84' lang='lat' dir='ltr'>insidiis</span> <span class='ocrx_word' id='word_1_76' title='bbox 1131 1809 1211 1852; x_wconf 89' lang='lat' dir='ltr'>mox</span> <span class='ocrx_word' id='word_1_77' title='bbox 1234 1794 1345 1854; x_wconf 86' lang='lat' dir='ltr'>salvus</span> <span class='ocrx_word' id='word_1_78' title='bbox 1369 1795 1432 1854; x_wconf 92' lang='lat' dir='ltr'>huo</span> 
     </span>
     <span class='ocr_line' id='line_1_12' title="bbox 254 1905 1432 1985; baseline 0 -17"><span class='ocrx_word' id='word_1_79' title='bbox 254 1908 357 1968; x_wconf 91' lang='lat' dir='ltr'>aderit</span> <span class='ocrx_word' id='word_1_80' title='bbox 386 1905 472 1966; x_wconf 89' lang='lat' dir='ltr'>filius</span> <span class='ocrx_word' id='word_1_81' title='bbox 503 1908 579 1966; x_wconf 90' lang='lat' dir='ltr'>tuus</span> <span class='ocrx_word' id='word_1_82' title='bbox 610 1907 694 1981; x_wconf 89' lang='lat' dir='ltr'>patri</span> <span class='ocrx_word' id='word_1_83' title='bbox 725 1907 819 1967; x_wconf 91' lang='lat' dir='ltr'>heres</span> <span class='ocrx_word' id='word_1_84' title='bbox 851 1909 968 1980; x_wconf 87' lang='lat' dir='ltr'>suus”;</span> <span class='ocrx_word' id='word_1_85' title='bbox 994 1908 1100 1967; x_wconf 90' lang='lat' dir='ltr'>itaut</span> <span class='ocrx_word' id='word_1_86' title='bbox 1123 1923 1200 1967; x_wconf 89' lang='lat' dir='ltr'>sene</span> <span class='ocrx_word' id='word_1_87' title='bbox 1228 1909 1352 1985; x_wconf 71' lang='lat' dir='ltr'>Laerta</span> <span class='ocrx_word' id='word_1_88' title='bbox 1378 1909 1432 1982; x_wconf 90' lang='lat' dir='ltr'>qui</span> 
     </span>
     <span class='ocr_line' id='line_1_13' title="bbox 254 2021 1433 2097; baseline 0 -16"><span class='ocrx_word' id='word_1_89' title='bbox 254 2037 376 2097; x_wconf 89' lang='lat' dir='ltr'>procos,</span> <span class='ocrx_word' id='word_1_90' title='bbox 401 2021 468 2080; x_wconf 91' lang='lat' dir='ltr'>iam</span> <span class='ocrx_word' id='word_1_91' title='bbox 488 2021 522 2080; x_wconf 91' lang='lat' dir='ltr'>in</span> <span class='ocrx_word' id='word_1_92' title='bbox 540 2021 625 2080; x_wconf 89' lang='lat' dir='ltr'>bona</span> <span class='ocrx_word' id='word_1_93' title='bbox 646 2021 715 2079; x_wconf 89' lang='lat' dir='ltr'>eius</span> <span class='ocrx_word' id='word_1_94' title='bbox 734 2023 904 2094; x_wconf 86' lang='lat' dir='ltr'>tamquam</span> <span class='ocrx_word' id='word_1_95' title='bbox 925 2022 1045 2080; x_wconf 89' lang='lat' dir='ltr'>caduca</span> <span class='ocrx_word' id='word_1_96' title='bbox 1057 2022 1226 2097; x_wconf 88' lang='lat' dir='ltr'>irruentes,</span> <span class='ocrx_word' id='word_1_97' title='bbox 1241 2023 1433 2081; x_wconf 86' lang='lat' dir='ltr'>auctoritate</span> 
     </span>
     <span class='ocr_line' id='line_1_14' title="bbox 256 2135 1433 2210; baseline 0 -16"><span class='ocrx_word' id='word_1_98' title='bbox 256 2150 316 2194; x_wconf 92' lang='lat' dir='ltr'>sua</span> <span class='ocrx_word' id='word_1_99' title='bbox 345 2135 489 2210; x_wconf 87' lang='lat' dir='ltr'>repellat,</span> <span class='ocrx_word' id='word_1_100' title='bbox 522 2150 602 2209; x_wconf 87' lang='lat' dir='ltr'>opus</span> <span class='ocrx_word' id='word_1_101' title='bbox 633 2150 697 2194; x_wconf 93' lang='lat' dir='ltr'>non</span> <span class='ocrx_word' id='word_1_102' title='bbox 729 2135 781 2194; x_wconf 88' lang='lat' dir='ltr'>sit.</span> <span class='ocrx_word' id='word_1_103' title='bbox 816 2135 877 2194; x_wconf 81' lang='lat' dir='ltr'>Sed</span> <span class='ocrx_word' id='word_1_104' title='bbox 904 2136 1058 2209; x_wconf 93' lang='lat' dir='ltr'>populum</span> <span class='ocrx_word' id='word_1_105' title='bbox 1082 2151 1101 2195; x_wconf 88' lang='lat' dir='ltr'>a</span> <span class='ocrx_word' id='word_1_106' title='bbox 1124 2137 1239 2195; x_wconf 76' lang='lat' dir='ltr'>Laerte</span> <span class='ocrx_word' id='word_1_107' title='bbox 1264 2137 1433 2195; x_wconf 84' lang='lat' dir='ltr'>convocari</span> 
     </span>
     <span class='ocr_line' id='line_1_15' title="bbox 256 2248 1432 2324; baseline -0.002 -14"><span class='ocrx_word' id='word_1_108' title='bbox 256 2253 352 2323; x_wconf 87' lang='lat' dir='ltr'>atque</span> <span class='ocrx_word' id='word_1_109' title='bbox 376 2249 463 2307; x_wconf 87' lang='lat' dir='ltr'>illius</span> <span class='ocrx_word' id='word_1_110' title='bbox 490 2263 584 2321; x_wconf 90' lang='lat' dir='ltr'>opem</span> <span class='ocrx_word' id='word_1_111' title='bbox 608 2248 774 2322; x_wconf 88' lang='lat' dir='ltr'>implorari</span> <span class='ocrx_word' id='word_1_112' title='bbox 798 2263 862 2308; x_wconf 90' lang='lat' dir='ltr'>non</span> <span class='ocrx_word' id='word_1_113' title='bbox 885 2250 976 2308; x_wconf 85' lang='lat' dir='ltr'>vetat</span> <span class='ocrx_word' id='word_1_114' title='bbox 996 2265 1087 2324; x_wconf 90' lang='lat' dir='ltr'>anus,</span> <span class='ocrx_word' id='word_1_115' title='bbox 1110 2249 1367 2322; x_wconf 87' lang='lat' dir='ltr'>quandoquidem</span> <span class='ocrx_word' id='word_1_116' title='bbox 1387 2249 1432 2308; x_wconf 89' lang='lat' dir='ltr'>nil</span> 
     </span>
     <span class='ocr_line' id='line_1_16' title="bbox 256 2360 853 2422; baseline -0.005 0"><span class='ocrx_word' id='word_1_117' title='bbox 256 2363 320 2422; x_wconf 89' lang='lat' dir='ltr'>tale</span> <span class='ocrx_word' id='word_1_118' title='bbox 345 2363 506 2421; x_wconf 85' lang='lat' dir='ltr'>dicentem</span> <span class='ocrx_word' id='word_1_119' title='bbox 529 2360 696 2419; x_wconf 89' lang='lat' dir='ltr'>dominam</span> <span class='ocrx_word' id='word_1_120' title='bbox 721 2361 853 2419; x_wconf 87' lang='lat' dir='ltr'>audivit.</span> 
     </span>
    </p>
   </div>
   <div class='ocr_carea' id='block_1_5' title="bbox 199 2587 1436 4260">
    <p class='ocr_par' dir='ltr' id='par_1_8' title="bbox 199 2587 1436 4260">
     <span class='ocr_line' id='line_1_17' title="bbox 301 2587 1430 2665; baseline 0.001 -16"><span class='ocrx_word' id='word_1_121' title='bbox 301 2591 375 2650; x_wconf 80' lang='lat'>758.</span> <span class='ocrx_word' id='word_1_122' title='bbox 396 2588 511 2648; x_wconf 88' lang='lat' dir='ltr'>Relata</span> <span class='ocrx_word' id='word_1_123' title='bbox 530 2587 705 2661; x_wconf 89' lang='lat' dir='ltr'>Eurycleae</span> <span class='ocrx_word' id='word_1_124' title='bbox 726 2587 765 2646; x_wconf 88' lang='lat' dir='ltr'>ad</span> <span class='ocrx_word' id='word_1_125' title='bbox 785 2588 965 2662; x_wconf 90' lang='lat' dir='ltr'>Penelopen</span> <span class='ocrx_word' id='word_1_126' title='bbox 985 2589 1129 2649; x_wconf 89' lang='lat' dir='ltr'>oratione</span> <span class='ocrx_word' id='word_1_127' title='bbox 1145 2591 1192 2648; x_wconf 91' lang='lat' dir='ltr'>sio</span> <span class='ocrx_word' id='word_1_128' title='bbox 1203 2592 1308 2664; x_wconf 83' lang='lat' dir='ltr'>pergit</span> <span class='ocrx_word' id='word_1_129' title='bbox 1319 2592 1430 2665; x_wconf 78' lang='lat' dir='ltr'>poeta:</span> 
     </span>
     <span class='ocr_line' id='line_1_18' title="bbox 389 2693 1305 2782; baseline 0.001 -21"><span class='ocrx_word' id='word_1_130' title='bbox 389 2693 428 2773; x_wconf 84' lang='grc' dir='ltr'>ὦς</span> <span class='ocrx_word' id='word_1_131' title='bbox 453 2695 550 2776; x_wconf 72' lang='lat' dir='ltr'>’odiro‘</span> <span class='ocrx_word' id='word_1_132' title='bbox 574 2708 625 2778; x_wconf 80' lang='grc' dir='ltr'>τῆς</span> <span class='ocrx_word' id='word_1_133' title='bbox 649 2693 677 2759; x_wconf 80' lang='grc' dir='ltr'>δ’</span> <span class='ocrx_word' id='word_1_134' title='bbox 704 2697 817 2778; x_wconf 70' lang='lat' dir='ltr'>piloque</span> <span class='ocrx_word' id='word_1_135' title='bbox 841 2700 923 2780; x_wconf 84' lang='grc' dir='ltr'><em>γόον,</em></span> <span class='ocrx_word' id='word_1_136' title='bbox 943 2695 1044 2780; x_wconf 81' lang='grc' dir='ltr'><em>’σχέθε</em></span> <span class='ocrx_word' id='word_1_137' title='bbox 1068 2696 1095 2760; x_wconf 82' lang='grc' dir='ltr'>δ’</span> <span class='ocrx_word' id='word_1_138' title='bbox 1123 2699 1189 2761; x_wconf 79' lang='grc' dir='ltr'><em>ὄσσε</em></span> <span class='ocrx_word' id='word_1_139' title='bbox 1214 2702 1305 2782; x_wconf 85' lang='grc' dir='ltr'><em>γόοιο.</em></span> 
     </span>
     <span class='ocr_line' id='line_1_19' title="bbox 301 2813 1431 2894; baseline 0.001 -17"><span class='ocrx_word' id='word_1_140' title='bbox 301 2817 499 2877; x_wconf 87' lang='lat' dir='ltr'>Acutissime</span> <span class='ocrx_word' id='word_1_141' title='bbox 523 2815 722 2875; x_wconf 87' lang='lat' dir='ltr'>observastis</span> <span class='ocrx_word' id='word_1_142' title='bbox 745 2813 827 2893; x_wconf 89' lang='grc' dir='ltr'><em>γόοιο</em></span> <span class='ocrx_word' id='word_1_143' title='bbox 847 2818 921 2890; x_wconf 90' lang='lat' dir='ltr'>post</span> <span class='ocrx_word' id='word_1_144' title='bbox 939 2814 1012 2894; x_wconf 88' lang='grc' dir='ltr'><em>γόον</em></span> <span class='ocrx_word' id='word_1_145' title='bbox 1032 2819 1220 2892; x_wconf 86' lang='lat' dir='ltr'>suspectum</span> <span class='ocrx_word' id='word_1_146' title='bbox 1241 2834 1329 2878; x_wconf 90' lang='lat' dir='ltr'>esse:</span> <span class='ocrx_word' id='word_1_147' title='bbox 1351 2819 1431 2878; x_wconf 88' lang='lat' dir='ltr'>eius-</span> 
     </span>
     <span class='ocr_line' id='line_1_20' title="bbox 256 2929 1433 3003; baseline 0.001 -11"><span class='ocrx_word' id='word_1_148' title='bbox 256 2932 386 2992; x_wconf 90' lang='lat' dir='ltr'>modine</span> <span class='ocrx_word' id='word_1_149' title='bbox 417 2945 469 2988; x_wconf 90' lang='lat' dir='ltr'>res</span> <span class='ocrx_word' id='word_1_150' title='bbox 500 2929 610 3002; x_wconf 78' lang='lat' dir='ltr'>fugere</span> <span class='ocrx_word' id='word_1_151' title='bbox 637 2929 782 3003; x_wconf 88' lang='lat' dir='ltr'>potuisse</span> <span class='ocrx_word' id='word_1_152' title='bbox 806 2930 973 2989; x_wconf 88' lang='lat' dir='ltr'>doctomm</span> <span class='ocrx_word' id='word_1_153' title='bbox 998 2930 1143 2990; x_wconf 77' lang='lat' dir='ltr'>saecula!</span> <span class='ocrx_word' id='word_1_154' title='bbox 1170 2931 1231 2990; x_wconf 85' lang='lat' dir='ltr'>Sed</span> <span class='ocrx_word' id='word_1_155' title='bbox 1255 2932 1358 2991; x_wconf 89' lang='lat' dir='ltr'>semel</span> <span class='ocrx_word' id='word_1_156' title='bbox 1382 2934 1433 2996; x_wconf 92' lang='lat' dir='ltr'>ad-</span> 
     </span>
     <span class='ocr_line' id='line_1_21' title="bbox 257 3042 1433 3117; baseline 0.001 -13"><span class='ocrx_word' id='word_1_157' title='bbox 257 3045 373 3105; x_wconf 86' lang='lat' dir='ltr'>moniti</span> <span class='ocrx_word' id='word_1_158' title='bbox 399 3044 486 3103; x_wconf 92' lang='lat' dir='ltr'>ultra</span> <span class='ocrx_word' id='word_1_159' title='bbox 509 3043 575 3101; x_wconf 90' lang='lat' dir='ltr'>iarn</span> <span class='ocrx_word' id='word_1_160' title='bbox 599 3058 664 3102; x_wconf 89' lang='lat' dir='ltr'>non</span> <span class='ocrx_word' id='word_1_161' title='bbox 687 3042 829 3102; x_wconf 87' lang='lat' dir='ltr'>feremus</span> <span class='ocrx_word' id='word_1_162' title='bbox 854 3044 923 3101; x_wconf 90' lang='lat' dir='ltr'>tam</span> <span class='ocrx_word' id='word_1_163' title='bbox 947 3044 1057 3117; x_wconf 92' lang='lat' dir='ltr'>inepta</span> <span class='ocrx_word' id='word_1_164' title='bbox 1080 3045 1113 3102; x_wconf 89' lang='lat' dir='ltr'>in</span> <span class='ocrx_word' id='word_1_165' title='bbox 1137 3046 1266 3105; x_wconf 89' lang='lat' dir='ltr'>vetusto</span> <span class='ocrx_word' id='word_1_166' title='bbox 1291 3047 1433 3106; x_wconf 84' lang='lat' dir='ltr'>carmine</span> 
     </span>
     <span class='ocr_line' id='line_1_22' title="bbox 255 3151 1434 3234; baseline 0.001 -16"><span class='ocrx_word' id='word_1_167' title='bbox 255 3160 344 3218; x_wconf 88' lang='lat' dir='ltr'>vitia.</span> <span class='ocrx_word' id='word_1_168' title='bbox 378 3156 458 3233; x_wconf 82' lang='lat' dir='ltr'>Quid</span> <span class='ocrx_word' id='word_1_169' title='bbox 488 3156 571 3229; x_wconf 90' lang='lat' dir='ltr'>quod</span> <span class='ocrx_word' id='word_1_170' title='bbox 602 3151 715 3233; x_wconf 75' lang='grc' dir='ltr'><em>ηὔνησε</em></span> <span class='ocrx_word' id='word_1_171' title='bbox 744 3154 816 3234; x_wconf 87' lang='grc' dir='ltr'><em>γόον</em></span> <span class='ocrx_word' id='word_1_172' title='bbox 848 3157 906 3215; x_wconf 87' lang='lat' dir='ltr'>vix</span> <span class='ocrx_word' id='word_1_173' title='bbox 937 3158 1024 3216; x_wconf 91' lang='lat' dir='ltr'>recte</span> <span class='ocrx_word' id='word_1_174' title='bbox 1055 3158 1178 3217; x_wconf 89' lang='lat' dir='ltr'>dictum</span> <span class='ocrx_word' id='word_1_175' title='bbox 1202 3158 1339 3219; x_wconf 86' lang='lat' dir='ltr'>videtur.</span> <span class='ocrx_word' id='word_1_176' title='bbox 1365 3160 1434 3219; x_wconf 91' lang='lat' dir='ltr'>Hoc</span> 
     </span>
     <span class='ocr_line' id='line_1_23' title="bbox 199 3269 1436 3348; baseline 0.001 -16"><span class='ocrx_word' id='word_1_177' title='bbox 199 3317 201 3322; x_wconf 84' lang='lat'>.</span> <span class='ocrx_word' id='word_1_178' title='bbox 259 3275 371 3332; x_wconf 89' lang='lat' dir='ltr'>tamen</span> <span class='ocrx_word' id='word_1_179' title='bbox 405 3269 536 3344; x_wconf 81' lang='lat' dir='ltr'>gravius</span> <span class='ocrx_word' id='word_1_180' title='bbox 571 3269 664 3344; x_wconf 91' lang='lat' dir='ltr'>quod,</span> <span class='ocrx_word' id='word_1_181' title='bbox 698 3285 772 3328; x_wconf 92' lang='lat' dir='ltr'>cum</span> <span class='ocrx_word' id='word_1_182' title='bbox 803 3269 980 3343; x_wconf 84' lang='lat' dir='ltr'>Eurycleae</span> <span class='ocrx_word' id='word_1_183' title='bbox 1010 3271 1165 3330; x_wconf 88' lang='lat' dir='ltr'>orationis</span> <span class='ocrx_word' id='word_1_184' title='bbox 1197 3272 1315 3348; x_wconf 81' lang='lat' dir='ltr'>duplex</span> <span class='ocrx_word' id='word_1_185' title='bbox 1338 3273 1436 3333; x_wconf 87' lang='lat' dir='ltr'>fuerit</span> 
     </span>
     <span class='ocr_line' id='line_1_24' title="bbox 260 3383 1434 3458; baseline 0 -14"><span class='ocrx_word' id='word_1_186' title='bbox 260 3384 439 3458; x_wconf 80' lang='lat' dir='ltr'>consilium,</span> <span class='ocrx_word' id='word_1_187' title='bbox 469 3383 571 3442; x_wconf 90' lang='lat' dir='ltr'>altera</span> <span class='ocrx_word' id='word_1_188' title='bbox 597 3383 685 3442; x_wconf 90' lang='lat' dir='ltr'>illius</span> <span class='ocrx_word' id='word_1_189' title='bbox 708 3398 783 3457; x_wconf 91' lang='lat' dir='ltr'>pars</span> <span class='ocrx_word' id='word_1_190' title='bbox 807 3383 859 3442; x_wconf 90' lang='lat' dir='ltr'>hic</span> <span class='ocrx_word' id='word_1_191' title='bbox 881 3383 976 3456; x_wconf 89' lang='lat' dir='ltr'>plane</span> <span class='ocrx_word' id='word_1_192' title='bbox 999 3384 1181 3458; x_wconf 82' lang='lat' dir='ltr'>negligitur.</span> <span class='ocrx_word' id='word_1_193' title='bbox 1207 3384 1323 3444; x_wconf 86' lang='lat' dir='ltr'>Tristis</span> <span class='ocrx_word' id='word_1_194' title='bbox 1347 3387 1434 3444; x_wconf 89' lang='lat' dir='ltr'>enim</span> 
     </span>
     <span class='ocr_line' id='line_1_25' title="bbox 258 3496 1434 3574; baseline 0.001 -17"><span class='ocrx_word' id='word_1_195' title='bbox 258 3499 321 3558; x_wconf 85' lang='lat' dir='ltr'>fuit</span> <span class='ocrx_word' id='word_1_196' title='bbox 350 3496 507 3570; x_wconf 90' lang='lat' dir='ltr'>Penelope</span> <span class='ocrx_word' id='word_1_197' title='bbox 539 3499 571 3556; x_wconf 87' lang='lat' dir='ltr'>et</span> <span class='ocrx_word' id='word_1_198' title='bbox 599 3497 633 3555; x_wconf 90' lang='lat' dir='ltr'>in</span> <span class='ocrx_word' id='word_1_199' title='bbox 656 3497 808 3556; x_wconf 89' lang='lat' dir='ltr'>lacrimas</span> <span class='ocrx_word' id='word_1_200' title='bbox 832 3498 997 3570; x_wconf 87' lang='lat' dir='ltr'>eruperat;</span> <span class='ocrx_word' id='word_1_201' title='bbox 1022 3497 1078 3556; x_wconf 90' lang='lat' dir='ltr'>sed</span> <span class='ocrx_word' id='word_1_202' title='bbox 1102 3499 1135 3556; x_wconf 91' lang='lat' dir='ltr'>et</span> <span class='ocrx_word' id='word_1_203' title='bbox 1158 3498 1249 3574; x_wconf 89' lang='lat' dir='ltr'>irata,</span> <span class='ocrx_word' id='word_1_204' title='bbox 1274 3499 1434 3572; x_wconf 89' lang='lat' dir='ltr'>siquidem</span> 
     </span>
     <span class='ocr_line' id='line_1_26' title="bbox 259 3605 1116 3671; baseline -0.004 0"><span class='ocrx_word' id='word_1_205' title='bbox 259 3612 306 3671; x_wconf 90' lang='lat' dir='ltr'>sic</span> <span class='ocrx_word' id='word_1_206' title='bbox 329 3611 363 3670; x_wconf 92' lang='lat' dir='ltr'>in</span> <span class='ocrx_word' id='word_1_207' title='bbox 389 3609 523 3669; x_wconf 90' lang='lat' dir='ltr'>ancillas</span> <span class='ocrx_word' id='word_1_208' title='bbox 548 3611 598 3669; x_wconf 89' lang='lat' dir='ltr'>est</span> <span class='ocrx_word' id='word_1_209' title='bbox 621 3610 766 3670; x_wconf 86' lang='lat' dir='ltr'>invecta:</span> <span class='ocrx_word' id='word_1_210' title='bbox 1112 3605 1116 3609; x_wconf 86' lang='grc'><strong>’</strong></span> 
     </span>
     <span class='ocr_line' id='line_1_27' title="bbox 414 3715 1274 3802; baseline 0 -20"><span class='ocrx_word' id='word_1_211' title='bbox 414 3720 547 3801; x_wconf 81' lang='grc' dir='ltr'><em>σχέτλιαι,</em></span> <span class='ocrx_word' id='word_1_212' title='bbox 569 3717 639 3783; x_wconf 79' lang='grc' dir='ltr'>οὐδ’</span> <span class='ocrx_word' id='word_1_213' title='bbox 665 3715 737 3799; x_wconf 82' lang='grc' dir='ltr'><em>ὗμές</em></span> <span class='ocrx_word' id='word_1_214' title='bbox 761 3744 814 3801; x_wconf 79' lang='grc' dir='ltr'>περ</span> <span class='ocrx_word' id='word_1_215' title='bbox 839 3720 883 3782; x_wconf 76' lang='lat' dir='ltr'>lvi</span> <span class='ocrx_word' id='word_1_216' title='bbox 906 3719 993 3802; x_wconf 77' lang='grc' dir='ltr'><em>φρεσὶ</em></span> <span class='ocrx_word' id='word_1_217' title='bbox 1014 3718 1121 3783; x_wconf 76' lang='grc' dir='ltr'><em>’θέσθε</em></span> <span class='ocrx_word' id='word_1_218' title='bbox 1144 3723 1274 3801; x_wconf 67' lang='lat' dir='ltr'>faudem</span> 
     </span>
     <span class='ocr_line' id='line_1_28' title="bbox 414 3832 805 3918; baseline 0.003 -23"><span class='ocrx_word' id='word_1_219' title='bbox 414 3834 444 3896; x_wconf 85' lang='grc' dir='ltr'>έκ</span> <span class='ocrx_word' id='word_1_220' title='bbox 467 3833 573 3915; x_wconf 79' lang='grc' dir='ltr'><em>λεχέων</em></span> <span class='ocrx_word' id='word_1_221' title='bbox 596 3832 622 3914; x_wconf 89' lang='grc' dir='ltr'>μ’</span> <span class='ocrx_word' id='word_1_222' title='bbox 649 3835 805 3918; x_wconf 82' lang='grc' dir='ltr'><em>ἀνεγεῖραι.</em></span> 
     </span>
     <span class='ocr_line' id='line_1_29' title="bbox 303 3951 1436 4026; baseline 0.002 -16"><span class='ocrx_word' id='word_1_223' title='bbox 303 3952 410 4026; x_wconf 82' lang='lat' dir='ltr'>Atque</span> <span class='ocrx_word' id='word_1_224' title='bbox 445 3953 528 4011; x_wconf 91' lang='lat' dir='ltr'>iram</span> <span class='ocrx_word' id='word_1_225' title='bbox 563 3953 632 4011; x_wconf 89' lang='lat' dir='ltr'>eius</span> <span class='ocrx_word' id='word_1_226' title='bbox 666 3952 796 4012; x_wconf 85' lang='lat' dir='ltr'>fatendo</span> <span class='ocrx_word' id='word_1_227' title='bbox 832 3954 865 4012; x_wconf 89' lang='lat' dir='ltr'>et</span> <span class='ocrx_word' id='word_1_228' title='bbox 899 3952 979 4011; x_wconf 92' lang='lat' dir='ltr'>nihil</span> <span class='ocrx_word' id='word_1_229' title='bbox 1015 3952 1249 4012; x_wconf 90' lang='lat' dir='ltr'>dissimulando</span> <span class='ocrx_word' id='word_1_230' title='bbox 1279 3951 1436 4026; x_wconf 86' lang='lat' dir='ltr'>Euryclea</span> 
     </span>
     <span class='ocr_line' id='line_1_30' title="bbox 258 4065 1436 4145; baseline -0.001 -20"><span class='ocrx_word' id='word_1_231' title='bbox 258 4066 396 4125; x_wconf 88' lang='lat' dir='ltr'>sedat:</span> <span class='ocrx_word' id='word_1_232' title='bbox 422 4065 483 4125; x_wconf 90' lang='lat' dir='ltr'>hoc</span> <span class='ocrx_word' id='word_1_233' title='bbox 506 4066 594 4125; x_wconf 86' lang='lat' dir='ltr'>eninr</span> <span class='ocrx_word' id='word_1_234' title='bbox 613 4066 749 4126; x_wconf 88' lang='lat' dir='ltr'>verbum</span> <span class='ocrx_word' id='word_1_235' title='bbox 769 4067 922 4126; x_wconf 90' lang='lat' dir='ltr'>Latinum</span> <span class='ocrx_word' id='word_1_236' title='bbox 942 4067 1090 4141; x_wconf 85' lang='lat' dir='ltr'>proxime</span> <span class='ocrx_word' id='word_1_237' title='bbox 1111 4067 1150 4125; x_wconf 91' lang='lat' dir='ltr'>ad</span> <span class='ocrx_word' id='word_1_238' title='bbox 1164 4066 1321 4126; x_wconf 77' lang='lat' dir='ltr'>Graecum</span> <span class='ocrx_word' id='word_1_239' title='bbox 1335 4065 1436 4145; x_wconf 80' lang='grc' dir='ltr'><em>εὐνᾶν,</em></span> 
     </span>
     <span class='ocr_line' id='line_1_31' title="bbox 259 4179 1435 4260; baseline 0.003 -22"><span class='ocrx_word' id='word_1_240' title='bbox 259 4195 333 4238; x_wconf 91' lang='lat' dir='ltr'>cum</span> <span class='ocrx_word' id='word_1_241' title='bbox 357 4179 577 4254; x_wconf 92' lang='lat' dir='ltr'>metaphorice</span> <span class='ocrx_word' id='word_1_242' title='bbox 601 4180 779 4256; x_wconf 84' lang='lat' dir='ltr'>adhibetur,</span> <span class='ocrx_word' id='word_1_243' title='bbox 805 4181 938 4240; x_wconf 89' lang='lat' dir='ltr'>accedit.</span> <span class='ocrx_word' id='word_1_244' title='bbox 963 4181 1048 4254; x_wconf 85' lang='lat' dir='ltr'>Lego</span> <span class='ocrx_word' id='word_1_245' title='bbox 1073 4196 1148 4254; x_wconf 87' lang='lat' dir='ltr'>ergo</span> <span class='ocrx_word' id='word_1_246' title='bbox 1172 4179 1258 4258; x_wconf 72' lang='grc' dir='ltr'><em>χόλον</em></span> <span class='ocrx_word' id='word_1_247' title='bbox 1278 4196 1334 4254; x_wconf 92' lang='lat' dir='ltr'>pro</span> <span class='ocrx_word' id='word_1_248' title='bbox 1354 4179 1435 4260; x_wconf 88' lang='grc' dir='ltr'><em>γόον.</em></span> 
     </span>
    </p>
   </div>
   <div class='ocr_carea' id='block_1_6' title="bbox 302 4406 1435 4481">
    <p class='ocr_par' dir='ltr' id='par_1_9' title="bbox 302 4406 1435 4481">
     <span class='ocr_line' id='line_1_32' title="bbox 302 4406 1435 4481; baseline -0.003 -13"><span class='ocrx_word' id='word_1_249' title='bbox 302 4409 365 4468; x_wconf 84' lang='grc'>817</span> <span class='ocrx_word' id='word_1_250' title='bbox 388 4423 455 4481; x_wconf 90' lang='lat' dir='ltr'>sqq.</span> <span class='ocrx_word' id='word_1_251' title='bbox 478 4407 658 4467; x_wconf 86' lang='lat' dir='ltr'>Dormienti</span> <span class='ocrx_word' id='word_1_252' title='bbox 677 4406 856 4481; x_wconf 89' lang='lat' dir='ltr'>Penelopae</span> <span class='ocrx_word' id='word_1_253' title='bbox 876 4408 1089 4467; x_wconf 89' lang='lat' dir='ltr'>simulacrum</span> <span class='ocrx_word' id='word_1_254' title='bbox 1109 4407 1295 4481; x_wconf 89' lang='lat' dir='ltr'>iphthimae</span> <span class='ocrx_word' id='word_1_255' title='bbox 1315 4407 1435 4467; x_wconf 88' lang='lat' dir='ltr'>sororis</span> 
     </span>
    </p>
   </div>
   <div class='ocr_carea' id='block_1_7' title="bbox 0 0 1651 5262">
    <p class='ocr_par' dir='ltr' id='par_1_10' title="bbox 0 0 1651 5262">
     <span class='ocr_line' id='line_1_33' title="bbox 0 0 1651 5262; baseline 0 0"><span class='ocrx_word' id='word_1_256' title='bbox 0 0 1651 5262; x_wconf 95' lang='lat' dir='ltr'> </span> 
     </span>
    </p>
   </div>
  </div>
 </body>
</html>
