3310 5262
825 629 866 691 84

304 819 362 881 Cui
385 820 437 880 hic
460 837 525 880 non
549 820 582 878 in
606 821 752 880 mentem
775 821 865 879 venit
888 819 950 879 1001
974 819 1007 878 in
1030 820 1130 879 Iliade
1154 822 1182 876 Γ
1204 820 1265 879 146
1290 835 1376 894 sqq:

436 934 466 994 οἳ
488 927 515 992 δ’
543 930 618 1010 ἀμφὶ
647 932 782 1010 Πρίαμον
806 931 854 990 καὶ
879 931 1026 991 Πάνθοον
1050 929 1102 1010 ἠδέ
1127 932 1278 1010 Θυμοίτην

436 1045 567 1123 Λάμπον
590 1067 619 1104 τε
643 1045 772 1105 Κλύτιόν
795 1040 831 1104 θ’
852 1040 1002 1105 Ἱκετάονά
1025 1040 1065 1122 τ’,
1088 1043 1156 1117 ὄζον
1173 1042 1291 1122 Ἄρηος,

436 1155 613 1237 Οὐκαλέγων
636 1180 672 1217 τε
702 1156 767 1218 καὶ
794 1158 948 1237 Ἀντήνωρ,
970 1156 1209 1237 πεπνυμένω
1241 1155 1363 1235 ἄμφω,

434 1271 507 1349 ἥατο
532 1269 743 1351 δημογέροντες
767 1270 815 1332 ἐπὶ
837 1276 966 1356 Σκαιῇσι
988 1273 1107 1356 πύλῃσι.

300 1388 443 1463 Apparet
473 1387 584 1446 autem
615 1383 646 1444 έκ
677 1386 769 1445 τῶνδε
797 1394 857 1445 τῶν
880 1387 1075 1465 παραλλήλων
1098 1385 1211 1464 χωρίων
1235 1386 1430 1461 posteriores

255 1503 377 1576 poetas,
410 1499 510 1558 etiam
541 1514 596 1558 eos
624 1499 677 1572 qui
700 1499 984 1573 praestantissima
1006 1500 1140 1560 fecerint
1163 1497 1294 1576 ἐπύλλια,
1316 1501 1428 1560 tamen

256 1629 387 1689 operam
407 1627 535 1687 semper
555 1612 681 1672 dedisse
693 1614 840 1686 utquam
852 1613 1096 1674 accuratissime
1109 1613 1304 1673 vetustiores
1316 1614 1431 1686 poetas

255 1727 470 1800 imitarentur,
503 1725 632 1784 illorum
663 1740 778 1784 versus
801 1723 887 1785 fideli
910 1727 1055 1785 tenuisse
1077 1727 1245 1801 memoria,
1271 1726 1375 1801 atque,
1401 1727 1433 1785 si

255 1841 302 1899 ita
324 1855 376 1899 res
399 1839 506 1915 ferret,
532 1839 604 1899 illos
627 1839 679 1898 vel
702 1840 846 1913 integros
869 1838 921 1899 vel
944 1840 1128 1913 fragmenta
1151 1855 1264 1899 eorum
1287 1840 1333 1898 ita
1356 1839 1432 1898 aliis

256 1953 452 2029 adiunxisse,
483 1954 521 2012 ut
550 1968 631 2027 quae
662 1953 761 2012 verba
784 1953 862 2013 olim
886 1968 1103 2027 magnacum
1127 1953 1288 2027 gravitate
1311 1953 1435 2027 scripta

256 2068 374 2142 essent,
403 2067 436 2126 in
458 2067 561 2126 risum
586 2068 756 2141 iocumque
780 2067 992 2126 verterentur.
1017 2067 1129 2126 Nonne
1153 2068 1240 2127 enim
1264 2067 1434 2141 perediam

256 2179 360 2239 facere
392 2181 527 2256 videtur,
554 2181 608 2255 qui
632 2196 764 2240 versum
788 2181 865 2240 olim
889 2182 927 2240 de
951 2180 1082 2240 senibus
1106 2179 1316 2240 Troianorum
1339 2193 1433 2255 grau·

256 2294 376 2367 daeviS,
409 2294 523 2368 ingens
554 2293 631 2352 illud
659 2293 781 2353 bellum
804 2293 1034 2369 spectantibus
1060 2293 1241 2353 adhibitum
1264 2294 1434 2368 detorquet

256 2407 296 2465 ad
330 2407 545 2466 nominandos
579 2406 701 2465 iudices
734 2407 768 2465 in
802 2406 923 2466 ludicro
954 2407 1009 2466 illo
1040 2407 1176 2467 duorum
1207 2408 1431 2467 mendicorum

256 2521 457 2579 certamine?
499 2519 568 2579 Hoc
610 2521 721 2579 tamen
764 2521 928 2578 cachinnis
971 2521 1151 2580 excitandis
1186 2521 1293 2595 aptius
1327 2519 1428 2580 etiam

255 2634 337 2706 quod
380 2633 509 2692 isicium
550 2633 734 2692 marimum
776 2633 1091 2707 pinguissimumque
1125 2633 1329 2708 proeliatoris
1363 2633 1429 2693 illis

254 2749 424 2821 tamquam
454 2749 635 2822 praemium
666 2747 814 2821 proponit
841 2748 1002 2808 Antinous
1026 2749 1183 2808 eiusmodi
1207 2749 1315 2808 verbis
1337 2764 1428 2824 usne,

255 2864 291 2921 ut
333 2861 434 2920 lector
475 2877 539 2921 non
576 2861 680 2936 possit
714 2861 791 2934 quin
825 2861 937 2920 statim
974 2863 1093 2937 cogitet
1129 2863 1167 2922 de
1201 2879 1320 2938 magno
1354 2879 1430 2937 rege

255 2974 500 3048 Agamemnone
542 2974 734 3033 bellatorum
777 2975 898 3048 optimo
941 2975 1059 3034 Achilli
1100 2990 1236 3035 uxorem
1274 2975 1430 3057 offerente

255 3086 396 3147 filiarum
427 3103 569 3163 suarum,
602 3102 683 3161 quae
707 3088 853 3147 maxime
876 3089 1041 3165 placuerit,
1067 3090 1095 3149 si
1119 3090 1158 3150 ad
1181 3090 1303 3151 bellum
1326 3091 1430 3150 redire

255 3203 402 3262 voluerit.

302 3428 342 3486 95
367 3441 435 3499 sqq.
461 3427 590 3501 inipso
615 3429 725 3487 autem
749 3430 926 3488 certamino

890 3537 906 3601 ὃ
930 3538 984 3619 μὲν
1007 3539 1096 3619 ἤλασε
1121 3542 1218 3615 δεξιὸν
1242 3534 1323 3621 ὦμον

389 3653 488 3731 Ρίρος,
510 3648 526 3712 ὃ
551 3648 578 3713 δ’
606 3649 702 3733 αὐχέν’
728 3653 848 3716 έλασσεν
871 3651 924 3717 ὑπ’
952 3653 1068 3734 οὔατος,
1092 3653 1176 3717 ὀστέα
1201 3652 1228 3717 δ’
1256 3657 1323 3717 εἴσω

390 3764 523 3825 ἔθλασεν·
548 3765 653 3828 αὐτίκα
678 3763 707 3828 δ’
733 3760 828 3846 ἦλθεν
851 3767 909 3829 ἀνὰ
933 3769 1024 3847 στόμα
1049 3770 1169 3848 φοίνιον
1194 3764 1276 3849 αἷμα,

390 3876 448 3938 κὰδ
472 3874 498 3938 δ’
525 3870 604 3939 έπεσ’
632 3879 664 3940 ἕν
689 3881 805 3966 κονίῃσι
828 3882 941 3960 μακὼν,
964 3884 1020 3944 σὺν
1043 3880 1071 3944 δ’
1099 3879 1184 3962 ἤλασ’
1213 3881 1344 3956 ὀδόντας.

302 3994 363 4053 Hic
386 3994 462 4067 quid
485 3994 639 4055 ultimum
662 3997 750 4055 istud
773 3995 830 4056 σὺν
854 3992 881 4057 δ’
908 3993 992 4075 iliad
1016 3994 1140 4070 ὀδόντας
1159 3999 1319 4074 significet
1338 4000 1431 4059 iuxta

256 4124 330 4167 cum
362 4107 579 4182 ignarissimis
610 4109 730 4185 ignoro,
763 4127 837 4171 cum
868 4113 1061 4187 praesertim
1092 4113 1130 4172 de
1162 4128 1198 4172 eo
1230 4115 1354 4174 dicatur
1377 4113 1431 4186 qui

255 4222 361 4281 victus
396 4222 499 4280 iaceat
533 4222 635 4282 humi.
666 4224 769 4284 Nemo
801 4225 889 4284 enim
920 4225 1091 4285 contendet
1122 4225 1186 4285 illis
1217 4227 1324 4286 verbis
1356 4242 1431 4285 eum

256 4335 402 4395 dentium
430 4333 605 4409 significari
630 4338 788 4412 crepitum
811 4340 866 4412 qui
890 4353 1059 4413 aegrorum
1083 4341 1302 4400 metuentium
1325 4341 1431 4414 algen-

258 4448 341 4507 tium
366 4463 437 4507 esse
461 4448 574 4509 soleat.
