3310 5262
552 1663 814 1775 LIBER
863 1666 1097 1778 XXIV.

287 2121 349 2180 196
380 2137 449 2195 sqq.
473 2122 701 2196 Agamemnon
725 2123 809 2197 apud
834 2123 954 2183 inferos
977 2125 1163 2184 narratione
1186 2125 1225 2186 de
1248 2141 1419 2200 protorum

240 2234 372 2294 interitu
404 2235 515 2295 audita
544 2236 709 2296 fortunam
739 2237 870 2310 Ulyssis
892 2237 1024 2297 beatam
1043 2238 1295 2315 praedieat,zqui
1319 2241 1419 2299 talem

239 2348 357 2408 habeat
379 2365 526 2425 uxorem,
552 2349 720 2423 additque:
1083 2342 1084 2346 ’

537 2473 576 2546 up
599 2464 651 2522 έοι
676 2463 875 2540 (Penelopae)
900 2463 982 2538 κλέος
1007 2461 1126 2526 οὔποτ’
1153 2463 1260 2529 ὀλεῖται

393 2579 452 2657 ίης
475 2575 589 2657 ἀρετῆς,
610 2577 746 2652 τεύξουσι
769 2573 1019 2660 δ’έπιχθονίοισιν
1043 2576 1152 2660 ἀοιδὴν

394 2689 541 2752 ἀθάνατοι
563 2692 720 2772 χαρίεσσαν
743 2690 879 2774 ἐχέφρονι
904 2696 1092 2775 Πηνελοπείη

396 2805 450 2886 στἰχ
474 2803 513 2878 ὡς
540 2804 712 2887 Τυνδαρέου
735 2807 831 2888 κούρη
854 2804 1079 2888 καταμήσατο
1102 2808 1206 2891 ίὲργα,

392 2920 547 3001 κουρίδιον
569 2920 706 2980 κτείνασα
729 2920 818 2981 πόσιν
831 2939 837 2951 ·
850 2920 974 3002 στυγερὴ
998 2920 1031 2983 δέ
1052 2918 1078 2986 τ’
1094 2921 1182 3002 ἀοιδὴ

391 3030 477 3097 ἔσσετ’
503 3029 544 3096 el
571 3032 764 3115 ἀνθρώπους,
785 3033 915 3114 χαλεπὴν
939 3033 972 3095 δέ
994 3057 1024 3096 τε
1047 3045 1144 3116 φῆμιν
1169 3034 1279 3097 ὄπασσε

390 3147 571 3234 θηλυτέρῃσι
593 3147 720 3230 γυναιξὶ,
742 3146 792 3208 καὶ
815 3149 835 3227 ἦ
858 3144 1038 3231 κ’ἒυίερχὸς
1061 3150 1134 3236 ἕησι.

280 3265 395 3325 Risum
425 3268 561 3326 movent
591 3265 666 3325 boni
697 3264 749 3340 dii,
780 3264 837 3350 qui
857 3264 1036 3340 Penelopae
1061 3282 1191 3327 carmen
1216 3259 1413 3341 componunt

235 3381 405 3453 tamquam
436 3380 567 3439 virtutis
598 3379 789 3454 praemium,
823 3381 919 3452 atque
949 3380 1107 3439 ambabus
1130 3380 1282 3439 manibus
1304 3380 1413 3439 Bothii

235 3492 435 3567 Bekkerique
465 3494 727 3554 emendationem
751 3497 809 3562 (vs.
838 3494 910 3563 198)
935 3509 1017 3566 quae
1039 3494 1212 3567 unicuique
1235 3493 1356 3568 legenti
1380 3493 1413 3552 in

236 3610 383 3667 mentem
402 3609 513 3668 venire
529 3607 631 3683 debet,
647 3603 790 3684 ἐχέφρονα
803 3604 1011 3682 Πηνελόπειαν
1025 3607 1158 3681 arripio:
1173 3607 1244 3681 ipsa
1255 3607 1413 3680 Penelope

237 3722 428 3798 cantabitur,
450 3722 497 3781 sio
517 3721 560 3780 dii
579 3721 761 3780 voluerunt.
782 3719 889 3793 Atque
909 3720 1023 3778 eodem
1043 3720 1139 3780 modo
1153 3719 1414 3794 Clytaemnestra

237 3836 428 3912 cantabitur,
461 3837 517 3895 sed
541 3851 605 3895 non
629 3836 668 3895 ab
692 3834 928 3895 admirantibus
951 3833 1208 3910 laudantibusve,
1234 3849 1349 3894 verum
1373 3834 1411 3893 ab

237 3950 480 4009 exsecrantibus
523 3951 556 4008 et
590 3948 836 4008 detestantibus.
878 3946 981 4021 Quare
1015 3948 1136 4007 nollem
1171 3964 1219 4008 vs.
1257 3949 1321 4007 200
1355 3964 1411 4022 pro

236 4057 254 4120 τ’
278 4063 493 4137 scripsissetis
511 4056 559 4122 d’.
581 4063 665 4121 Nam
686 4061 823 4121 concedo
836 4060 967 4135 quidem
979 4076 1095 4135 parum
1108 4062 1272 4136 eleganter
1284 4077 1332 4120 vs.
1348 4061 1409 4120 201

235 4177 410 4250 particulas
431 4174 463 4235 δέ
481 4196 511 4234 τε
529 4177 640 4252 repeti,
662 4175 719 4234 sed
739 4175 898 4235 eiusmodi
917 4189 1038 4234 naevos
1058 4167 1284 4248 relinquendos
1297 4190 1412 4234 oenseo

234 4291 341 4365 potius
372 4306 471 4365 quam
502 4305 576 4350 oum
603 4289 785 4350 sententiae
809 4288 1005 4349 detrimento
1028 4289 1196 4349 tollendos.
1222 4287 1301 4362 Quid
1325 4289 1412 4348 enim

236 4403 482 4488 Κλυταιμνήστρη
513 4397 598 4463 ἔσσετ’
633 4399 721 4479 ἀοιδή
745 4402 928 4477 significare
952 4404 1085 4476 potest?
1109 4403 1204 4479 Nihil,
1228 4405 1266 4462 ut
1289 4403 1409 4479 opinor,

234 4518 320 4577 aliud
345 4533 461 4590 quam:
489 4518 770 4594 „Clytaemnestra
794 4532 927 4578 carmen
950 4515 1113 4576 habebit.”
