3310 5262
752 616 754 621 ’
831 601 892 659 120

317 789 403 865 Mihi,
435 806 475 880 ne
502 790 578 863 quid
601 790 814 864 dissimulem,
840 789 1040 862 lepidissima
1063 790 1143 848 haec
1167 789 1325 862 videntur,
1349 801 1446 847 venu-

270 903 426 977 stissima,
446 904 637 977 plenissima
656 904 786 962 nativae
806 903 1035 977 simplicitatis.
1056 903 1127 962 Non
1143 902 1225 962 satis
1238 904 1288 960 est
1300 903 1446 961 Patroclo

271 1032 346 1076 ossa
368 1032 428 1075 sua
451 1018 610 1090 amicique
635 1017 748 1076 eadem
771 1032 852 1075 urna
876 1017 977 1090 condi,
1003 1015 1065 1074 nisi
1090 1032 1128 1075 33
1153 1017 1331 1076 condantur
1352 989 1444 1089 urna,

270 1145 369 1202 quam
399 1131 479 1190 bene
507 1133 619 1189 notam
642 1131 760 1189 habeat
782 1133 926 1205 uterque,
952 1145 1050 1203 quam
1074 1129 1193 1189 Achilli
1216 1129 1299 1188 dono
1324 1129 1447 1187 dederit

273 1246 386 1318 mater,
419 1260 579 1318 quamque
610 1245 679 1318 ipse
709 1245 807 1303 toties
838 1245 924 1302 Pelei
952 1244 1040 1303 domi
1063 1244 1107 1302 sit
1130 1244 1319 1303 admiratus.
1344 1242 1448 1301 Aliter

273 1357 381 1415 visum
411 1357 514 1416 doctis
545 1358 783 1433 Alexandrinis,
816 1358 870 1430 qui
893 1357 1035 1431 primurn
1059 1353 1175 1432 ἀπρεπῆ
1199 1355 1297 1432 στίχον
1319 1357 1447 1429 vocant,

274 1470 387 1529 deinde
400 1471 439 1529 ad
453 1473 577 1530 certum
589 1471 724 1530 heroum
736 1472 879 1530 usumin
893 1470 1076 1545 corporibus
1088 1472 1292 1530 mortuorum
1306 1484 1447 1529 creman-

274 1584 323 1642 dis
343 1584 598 1657 sepeliendisque
618 1587 803 1659 provocant.
826 1585 923 1659 Quasi
935 1600 1012 1643 vero
1024 1586 1120 1657 poeta
1140 1583 1339 1643 enchiridion
1351 1583 1447 1656 scrip-

275 1697 354 1756 serit
374 1697 577 1771 antiquitatis
597 1699 797 1773 Homericac,
819 1699 1031 1771 hominesque
1051 1697 1107 1772 illi,
1128 1712 1192 1756 non
1211 1711 1290 1756 suae
1302 1698 1447 1772 naturae,

276 1813 503 1871 convenienter
525 1813 694 1885 loquentes
714 1812 887 1871 induxerit.
908 1813 952 1870 At
972 1827 1030 1884 ego
1050 1811 1105 1870 illo
1126 1826 1222 1869 versu
1242 1810 1366 1869 abiecto
1386 1826 1451 1870 non

276 1925 342 1984 iam
366 1925 551 1985 Patroclum
575 1926 705 1986 flentem
732 1928 981 1999 precantemque
1006 1925 1100 1984 audio
1124 1925 1180 1983 sed
1204 1925 1375 1998 oratorem,
1397 1923 1451 1996 qui

275 2042 424 2099 accurate
448 2040 617 2098 elimatam
640 2039 910 2099 declamationem
930 2039 1067 2098 rotunda
1086 2038 1226 2111 quadam
1246 2037 1451 2111 perfectaque

276 2154 405 2229 periodo
433 2168 508 2212 curn
534 2153 659 2228 clausit,
685 2151 786 2230 εἴρηκα
810 2153 862 2211 vel
886 2151 962 2211 οὕτω
985 2148 1098 2230 γένοιτο
1123 2166 1242 2224 magna
1265 2151 1451 2224 pronuntiet

277 2267 365 2325 vocis
389 2268 559 2340 gravitate.

319 2492 383 2551 408
415 2508 483 2565 sqq.
516 2491 673 2565 Euryclea
702 2506 815 2565 procos
847 2493 967 2550 stratos
999 2492 1185 2564 occisosque
1207 2491 1321 2550 videns
1343 2485 1451 2547 ἴθυσέν

276 2601 455 2685 ῥ’ὀλολσξαι,
479 2609 535 2666 sed
559 2607 692 2666 retinuit
716 2622 789 2665 eam
811 2606 948 2680 Ulysses
975 2607 1022 2666 sic
1045 2607 1220 2679 loquendo:

319 2722 382 2779 411
475 2717 506 2778 ἐν
530 2723 629 2802 θυμῷ,
652 2727 738 2798 γρηῦ,
760 2723 841 2797 χαῖρε
864 2717 914 2779 καὶ
937 2719 1015 2796 ἴσχεο
1039 2714 1113 2797 μηδ’
1141 2714 1266 2789 didici·

474 2830 528 2910 οὐχ
552 2829 618 2910 ὁσίη
641 2829 827 2909 κταμένοισιν
851 2827 891 2892 ἔντ’
918 2829 1062 2910 ἀνδράσιν
1086 2831 1282 2911 εὐχετάεσθαι.

318 2948 389 3007 Non
431 2948 537 3034 ausim
576 2948 703 3021 obloqui
737 2948 839 3007 doctis
874 2947 1137 3007 annotationibus
1170 2947 1299 3020 vestris,
1336 2945 1452 3018 quibus

276 3063 417 3137 primum
442 3061 579 3120 verbum
603 3055 740 3132 ὀλολῦξαι
760 3062 807 3120 313
826 3061 1103 3135 interpretamini:
1125 3060 1213 3120 alta
1232 3062 1333 3119 voce
1353 3058 1452 3118 deos

275 3177 493 3249 invocare,
519 3175 1067 3235 3131011313.41231311103113113ε
1093 3175 1234 3250 „nefas
1254 3175 1319 3233 est
1338 3173 1453 3232 inter

276 3303 493 3348 caesorum
519 3289 734 3348 hominum
757 3305 933 3363 corpora
957 3290 1055 3348 deos
1075 3289 1259 3362 precari3
1282 3288 1314 3346 31
1332 3289 1356 3344 Ζ
1376 3288 1451 3346 268.

275 3402 345 3460 Non
368 3402 560 3460 vertendum
585 3418 657 3461 3333
676 3402 857 3476 gloriari
878 3419 1000 3462 caeso
1021 3403 1144 3461 hoste
1164 3402 1334 3461 verissime
1347 3401 1451 3460 obser-

274 3518 371 3574 vatur
401 3515 434 3573 in
465 3515 575 3589 schol,
607 3516 661 3575 ubi
693 3519 766 3589 apte
798 3517 932 3575 affertur
963 3521 993 3574 A
1024 3517 1107 3590 449;
1139 3517 1186 3575 sic
1208 3517 1320 3575 tamen
1343 3515 1452 3574 locum

277 3631 439 3704 accepisse
462 3630 590 3690 videtur
613 3631 826 3691 Archilochus
850 3647 878 3704 a
893 3632 993 3692 schol.
1019 3632 1137 3691 allatus
1161 3632 1209 3702 (fr.
1235 3633 1305 3700 66):

443 3741 479 3802 οὐ
503 3741 558 3822 γὰρ
582 3741 675 3802 ἐσθλὰ
697 3749 883 3803 κατθανοῦσι
905 3750 1055 3824 κερτομεῖν
1079 3739 1126 3804 ἐπ’
1142 3741 1297 3820 ἀνδράσι.”

322 3859 383 3917 Sed
425 3873 509 3916 nunc
543 3873 608 3916 non
642 3859 735 3918 video
771 3859 929 3932 quomodo
965 3875 1039 3919 cum
1074 3875 1122 3918 vs.
1157 3859 1222 3917 412
1258 3858 1452 3918 cohaereant

276 3974 448 4046 sequentes
471 3987 603 4030 versus:

430 4083 536 4144 τούσδε
560 4080 592 4142 δὲ
616 4079 690 4163 μοῖρ’
717 4082 863 4161 ἐδάμασσε
886 4089 969 4144 θεῶν
991 4082 1041 4145 καὶ
1064 4082 1176 4164 σχέτλια
1199 4082 1301 4164 ίὲργα·
1357 4101 1359 4108 ’

429 4195 465 4259 od
488 4221 554 4258 τινα
577 4196 632 4277 γὰρ
652 4193 778 4259 ’τίεσκον
803 4197 984 4278 ἐπιχθονίων
1008 4197 1191 4278 ἀνθρώπων,

319 4317 383 4375 415
430 4313 466 4374 οὐ
490 4311 583 4372 κακὸν
607 4309 678 4373 οὐδὲ
702 4310 755 4391 μὲν
779 4312 899 4393 ἐσθλὸν,
922 4312 981 4386 ὅτις
1004 4310 1097 4390 σφέας
1121 4312 1312 4389 εἰσαφίκοιτο·

428 4437 467 4510 τῷ
490 4423 541 4486 καὶ
564 4424 781 4511 ἀτασθαλίῃσιν
804 4424 926 4487 ίιίεικέα
949 4426 1063 4506 πότμον
1086 4423 1222 4487 ἐπέσπον.
