3270 5262
753 665 794 723 73

182 850 394 911 obiiciantur:
430 852 484 925 qui
518 852 605 910 enim
641 851 773 924 agmina
804 866 974 924 procorum
1009 867 1073 911 non
1107 852 1233 927 metuit,
1266 851 1359 910 illum

181 963 311 1023 scilicet
333 964 499 1024 terrebunt
522 965 635 1024 Medon
658 963 750 1042 κήραξ
774 979 848 1023 cum
872 965 995 1025 duobus
1019 965 1187 1041 ministris,
1209 966 1358 1039 quamvis

181 1075 233 1134 illi
257 1077 324 1136 sint
345 1078 440 1152 periti
463 1080 649 1137 structores

231 1300 296 1359 348
325 1316 392 1375 sqq.
417 1301 525 1362 Allato
549 1304 587 1362 de
610 1302 795 1362 Telemachi
817 1305 856 1363 ad
879 1303 1059 1363 Eumaeum
1083 1305 1224 1364 adventu
1246 1304 1359 1363 nuntio

179 1413 299 1473 tristes
322 1429 435 1488 procos
458 1416 562 1475 tristis
586 1416 654 1490 ipse
678 1416 758 1476 haec
779 1419 892 1477 monet
914 1417 1155 1491 Eurymachus:

364 1521 427 1586 ἀλλ’
453 1523 504 1608 ἀγε
527 1536 586 1606 νῆα
609 1525 751 1607 μέλαιναν
775 1526 946 1607 ἐρύσσομεν,
969 1527 987 1607 ἥ
1011 1552 1053 1601 τις
1077 1527 1190 1609 ἀρίστη,

364 1639 393 1714 ἔς
417 1636 445 1702 δ’
472 1639 570 1720 ἐρέτας
593 1639 698 1720 ἁλιῆας
721 1640 885 1723 ἀγείρομεν,
908 1642 943 1703 οἷ’
959 1665 992 1703 τε
1015 1643 1133 1722 τάχιστα

364 1749 484 1815 κείνοισ’
512 1750 665 1835 ἀγγείλωσι
687 1761 769 1828 θοῶς
791 1755 932 1826 totnonis
954 1753 1085 1816 νέεσθαι.

231 1868 283 1928 Ad
313 1886 360 1930 vs.
393 1872 457 1930 349
482 1872 662 1930 annotatis:
691 1866 814 1947 ηὰλιῆας
838 1871 991 1931 hocloco
1015 1873 1048 1931 et
1072 1893 1096 1929 α
1119 1871 1184 1930 419
1209 1873 1362 1930 nautas

181 1980 358 2059 significat,
391 1983 473 2044 alias
504 1987 534 2058 (μ
567 1985 628 2044 251
658 2006 674 2061 χ
698 1984 773 2054 384)
797 1985 1075 2058 piscatores.”
1100 1984 1162 2044 Sed
1186 1999 1244 2058 ego
1269 1984 1362 2043 oredo

182 2096 273 2169 quod
314 2098 556 2158 substantivum
598 2098 700 2157 semel
738 2099 997 2171 piscatorem
1039 2096 1200 2172 significet
1234 2112 1363 2170 semper
1476 2085 1479 2096 ¹

181 2209 448 2283 piscatorem
467 2209 659 2287 significare,
679 2227 782 2285 neque
802 2212 976 2286 quidquam
996 2212 1125 2271 obstare
1145 2211 1318 2285 quominus
1331 2211 1364 2269 et

182 2345 209 2382 ω
240 2324 305 2383 419
329 2340 365 2384 66
389 2340 487 2384 sensu
511 2325 696 2399 accipiatur.
721 2325 791 2385 illic
814 2326 902 2385 enim
926 2341 1060 2400 corpora
1082 2339 1252 2399 procorum
1276 2339 1362 2397 pere-

182 2437 354 2510 grinorum
385 2433 498 2499 ἁλιεῡσι
527 2440 596 2498 dari
626 2439 775 2499 dicuntur
803 2440 940 2499 navibus
964 2440 1222 2514 transportando.
1248 2438 1364 2513 Quidni

184 2551 301 2609 autem
324 2551 474 2612 lintribus
497 2552 566 2611 suis
586 2553 713 2627 singula
732 2553 848 2613 binare
869 2569 1001 2628 corpora
1020 2554 1197 2627 piscatores
1217 2552 1363 2612 vehant?

185 2663 253 2722 Sed
282 2664 333 2724 fac
361 2666 483 2741 tamen,
515 2665 546 2724 id
578 2666 661 2739 quod
689 2682 747 2739 ego
771 2682 861 2741 nego,
887 2668 1113 2726 nautarum
1137 2681 1262 2740 quoque
1285 2664 1364 2724 illud

186 2792 311 2836 nomen
341 2793 429 2838 esse:
461 2778 652 2838 habebimus
684 2794 758 2853 ergo
782 2780 850 2838 hic:
875 2780 1060 2854 remiges
1084 2781 1254 2854 nautae,
1281 2777 1364 2852 quod

187 2890 264 2963 quis
288 2891 370 2950 dixit
392 2893 560 2964 unquam?
582 2892 634 2950 An
657 2892 755 2952 latius
778 2893 831 2951 hic
853 2895 944 2967 patet
966 2893 1053 2953 illius
1076 2893 1165 2952 vocis
1189 2907 1305 2952 sensus
1327 2892 1365 2950 ut

187 3004 341 3064 adiectivi
376 3004 482 3064 vicem
517 3005 651 3079 impleat
682 3005 788 3079 sitque
818 3006 885 3066 fere
916 3007 1002 3066 idem
1034 3007 1118 3080 quod
1150 3007 1364 3066 marinus?

186 3117 262 3176 Hoc
292 3117 346 3176 illo
376 3117 486 3177 minus
513 3119 613 3178 etiam
638 3120 823 3179 verisimile.
848 3120 888 3179 Et
911 3122 1149 3180 terrestres
1180 3120 1364 3193 remiges

186 3229 294 3289 risum
317 3233 467 3304 movent;
492 3233 655 3291 tamensi
678 3227 782 3309 ἁλιῆας
806 3233 859 3292 hic
882 3232 1032 3292 adiectivi
1053 3235 1120 3293 vim
1141 3234 1246 3308 habet,
1268 3249 1364 3292 nemo

185 3344 360 3415 tamquam
402 3344 567 3417 epitheton
601 3361 720 3405 ornans
754 3346 832 3405 illud
867 3346 1011 3419 accipiet.
1047 3347 1158 3406 Unum
1192 3348 1295 3406 166161
1328 3348 1365 3405 ut

185 3456 385 3528 Eurymachl
421 3458 501 3517 haec
534 3459 578 3518 611
612 3460 791 3519 sententia:
830 3460 1026 3533 „piscatores
1061 3475 1215 3534 cogamus
1246 3459 1301 3533 qui
1330 3459 1365 3517 111

185 3570 247 3629 1116
277 3585 359 3630 nave
389 3572 550 3646 remigum
577 3573 752 3647 fungantur
775 3573 909 3633 officio‘’.
934 3572 1056 3632 Verum
1080 3574 1154 3647 quid
1178 3576 1247 3632 tam
1270 3573 1365 3646 longe

185 3683 340 3759 petamus
371 3685 602 3759 explicationes
633 3687 1002 3761 interpretationesque?
1032 3688 1144 3746 Nonne
1175 3687 1235 3746 hoc
1262 3685 1365 3744 multo

185 3796 401 3857 verisimilius
430 3798 526 3857 huius
557 3798 618 3858 loci
648 3802 788 3875 poetam,
822 3816 896 3860 cum
927 3800 1024 3874 probe
1055 3795 1214 3859 memo'ria
1240 3799 1365 3858 teneret

184 3910 246 3969 illa
270 3913 436 3985 exprimo
460 3912 570 3972 iliadis
592 3914 689 3973 libro:

344 4032 402 4083 νῦν
426 4019 455 4084 δ’
481 4021 533 4104 ἀγε
555 4034 615 4103 νῆα
637 4024 779 4104 μέλαιναν
803 4024 965 4105 ἐρύσσομεν
987 4025 1028 4098 εἰς
1052 4025 1108 4084 ἀλα
1132 4024 1210 4101 δῖαν,

346 4133 377 4194 ἐν
400 4131 427 4196 δ’
455 4133 552 4216 ἐρέτας
576 4136 709 4217 ἐπίτηδες
734 4137 889 4218 ἀγείρομεν

186 4250 242 4309 hic
263 4265 386 4324 quoque
407 4248 503 4326 ἐρέτας
524 4249 657 4330 ἐπίτηδες
678 4254 857 4328 scripsisse,
881 4256 977 4328 atque
996 4256 1110 4328 postea
1123 4252 1275 4312 exortum
1294 4266 1366 4310 6666

187 4365 332 4437 aliquem
351 4366 406 4439 qui
425 4365 503 4425 illud
523 4363 656 4444 ε’τίιηδες
676 4367 942 4441 suprascribendo
962 4365 1026 4437 ἅλις
1046 4365 1258 4426 illustraverit
1278 4368 1365 4434 (116111

188 4479 242 4537 661
272 4478 352 4538 haec
382 4479 447 4540 fere
479 4480 622 4540 adverbii
653 4478 786 4558 ἐπίτηδες
814 4482 885 4557 vis),
910 4468 1003 4556 quod,
1028 4496 1103 4542 cum
1126 4479 1208 4539 forte
1232 4475 1365 4554 ἐπίτηδες
