3310 5262
726 669 788 734 111

163 860 276 939 ticula,
321 877 424 936 neque
464 861 640 934 quidquam
679 860 755 919 huic
787 861 857 919 loco
893 859 1000 933 aptius
1035 874 1133 931 quam
1167 875 1345 933 pronomen

163 975 261 1037 αὐτόν
290 978 375 1050 quod
405 991 464 1036 vos
495 975 657 1035 inseritis:
692 975 815 1049 „victor
844 974 964 1033 metuit
994 989 1043 1049 ne,
1076 975 1153 1033 dum
1177 975 1280 1033 celum
1304 991 1345 1032 ex

164 1106 300 1167 corporo
324 1091 422 1151 occisi
444 1089 548 1150 hostis
573 1088 733 1162 extrahat,
767 1088 857 1161 ipse
880 1087 1075 1146 occidatur.'’
1100 1087 1239 1146 Remota
1261 1103 1347 1147 nunc

165 1207 218 1264 est
256 1205 423 1280 oppositio,
460 1219 541 1277 quae
577 1202 654 1262 olim
685 1201 889 1274 ineptissime
920 1201 1005 1259 inter
1035 1215 1150 1260 versus
1181 1202 1221 1260 97
1248 1203 1281 1260 et
1305 1201 1346 1260 98

165 1319 411 1393 instituebatur,
448 1319 481 1377 et
515 1316 555 1375 ad
589 1331 692 1375 unum
722 1327 855 1373 versum
888 1314 929 1373 98
961 1314 1101 1373 redacta.
1134 1315 1195 1374 Sed
1218 1331 1260 1374 ne
1283 1314 1348 1374 illic

167 1434 303 1506 quidem
334 1432 411 1492 ferri
441 1432 558 1506 potest.
591 1426 674 1500 ἀίξας
706 1423 739 1503 ἠὲ
752 1427 909 1501 ...ripae
942 1426 1170 1488 Contrariaene
1202 1428 1286 1487 inter
1313 1443 1348 1486 se

167 1547 232 1606 hae
257 1561 310 1605 res
333 1547 434 1605 sunt?
465 1546 571 1606 Immo
598 1547 669 1605 tam
693 1546 849 1617 cognatae
871 1544 908 1602 ut
931 1543 1035 1603 altera
1057 1544 1128 1623 sine
1152 1544 1254 1603 altera
1278 1558 1349 1602 esse

167 1662 322 1734 nequeat.
356 1659 520 1734 Quomodo
551 1660 638 1719 enirn
670 1658 862 1717 cominus
893 1657 1025 1716 feriat
1048 1657 1165 1730 aliquis
1188 1657 1243 1730 qui
1266 1672 1351 1716 nunc

167 1774 284 1847 procul
307 1775 375 1833 stat
397 1773 461 1833 nisi
483 1773 572 1848 prius
596 1773 767 1832 accurrat?
792 1770 990 1845 Quapropter
1012 1785 1242 1844 proponerem:

353 1885 496 1969 φασγάνῳ
521 1883 605 1958 ἀΐξας
631 1881 683 1960 ι’μλὲ
706 1879 880 1960 προπρηνέα
903 1883 1001 1959 τύψας

168 2001 237 2060 nisi
261 2001 370 2075 inepta
394 2001 557 2061 videretur
580 1998 758 2073 tautologia
782 1995 890 2055 ἐλάσειε
913 1995 1019 2070 τύψας.

222 2239 284 2298 101
309 2253 378 2311 sqq.
410 2237 575 2297 Eiusmodi
608 2252 683 2310 ergo
713 2236 893 2311 periculum
924 2251 964 2295 ne
995 2235 1055 2294 sibi
1088 2237 1121 2295 et
1151 2238 1286 2310 posthac
1310 2237 1354 2296 sit

171 2353 398 2427 metuendum,
431 2353 470 2412 ad
501 2354 628 2427 patrem
660 2352 760 2411 currit
791 2351 1006 2411 Telemachus
1037 2367 1175 2426 eumque
1207 2353 1255 2412 sic
1278 2353 1352 2413 allo·

172 2467 303 2540 quitur:

357 2572 380 2640 ὦ
403 2579 504 2659 πάτερ,
525 2577 584 2659 ἤδη
608 2602 651 2640 τοι
676 2579 766 2652 σάκος
790 2579 862 2640 οἴσω
886 2577 936 2640 παλ
959 2579 1015 2641 δύο
1040 2579 1129 2658 δοῦρε

357 2691 407 2753 καλ
430 2690 543 2772 κυνέην
565 2692 735 2773 πάγχαλκον
759 2691 807 2753 ἐπὶ
829 2689 1002 2771 κροτάφοισ’
1029 2693 1186 2776 ἀραρυῖαν,

356 2806 446 2880 αὐτός
468 2802 489 2867 τ’
515 2805 739 2886 ἀμφιβαλεῦμαι
763 2805 826 2885 ἰὼν,
850 2808 935 2868 δώσω
960 2805 991 2868 δὲ
1015 2809 1133 2894 συβώτῃ

355 2919 405 2981 καλ
427 2933 466 3007 τῷ
490 2922 625 3006 βουκόλῳ
650 2919 730 2982 ἅλλα·
754 2928 946 3001 τετευχῆσθαι
968 2921 1024 3003 γὰρ
1047 2921 1178 3002 ἄμεινον.

223 3038 348 3112 Ergone
371 3038 405 3097 in
428 3038 498 3112 ipsa
521 3039 575 3098 via
602 3037 675 3109 (ἰών)
697 3053 789 3098 arma
808 3038 920 3097 indust
937 3038 1175 3100 Telemachus?
1199 3041 1355 3102 Credibile

178 3154 239 3213 hoc
262 3155 295 3213 in
318 3155 411 3214 tanta
433 3154 650 3214 festinatione.
683 3153 727 3212 At
750 3153 837 3212 aliud
860 3153 936 3225 quid
959 3152 1029 3213 fleri
1051 3155 1216 3216 videmus:
1242 3158 1355 3218 eodem

179 3269 267 3328 enirn
301 3284 364 3341 quo
396 3269 495 3328 ceteri
524 3270 670 3343 tempore
704 3267 783 3326 illud
816 3266 904 3341 facit,
936 3282 1053 3343 nempe
1083 3285 1284 3330 reversus
1316 3272 1356 3331 ad

179 3384 305 3455 patrem
337 3386 395 3452 (ve.
431 3382 493 3442 112
517 3387 587 3456 sq).
620 3381 813 3456 cormptum
845 3396 920 3456 ergo
950 3397 1084 3444 versum
1116 3400 1231 3446 censeo
1259 3389 1356 3460 atque

181 3496 228 3556 sic
251 3495 495 3571 corrigendum:

358 3608 447 3682 αὐτός
470 3603 492 3669 τ’
519 3605 744 3689 ἀμφιβαλεῦμαι
767 3606 833 3689 ἐγὼ,
857 3609 942 3670 δώσω
967 3607 1000 3670 δὲ
1024 3611 1151 3695 συβώτῃ.

224 3726 311 3799 Apta
346 3725 433 3783 enim
468 3725 543 3784 huic
577 3723 646 3783 loco
678 3725 807 3798 gravior
837 3725 1013 3799 emphasis.
1046 3726 1166 3787 Parum
1194 3729 1358 3802 eleganter

182 3852 266 3897 nunc
290 3839 364 3912 post
387 3836 472 3897 δώσω
497 3833 529 3897 δὲ
553 3835 671 3920 σοβῴτη
695 3838 809 3897 statim
831 3837 952 3912 legitur
974 3836 1022 3897 καὶ
1047 3848 1093 3921 τῷ
1118 3841 1253 3925 βουκόλῳ
1277 3840 1358 3902 ἄλλα.

182 3951 338 4024 Reditque
362 3952 509 4011 novicius
530 3950 584 4009 ille
607 3951 763 4011 articulus
786 3966 835 4010 vs,
862 3951 941 4009 114:

360 4055 399 4136 ὧς
423 4058 451 4122 δ’
478 4063 574 4136 αὐτῶς
598 4062 637 4124 τὼ
663 4059 732 4142 δμῶ’
759 4061 908 4142 ε’δυὲσθιρν
932 4065 1033 4142 τεύχεα
1056 4065 1139 4125 καλά.

182 4177 363 4238 Retinenda
386 4178 450 4238 ista
473 4179 591 4239 aetatis
616 4194 731 4239 censeo
755 4178 882 4255 indicia,
908 4174 1166 4240 dummodo'suo
1186 4183 1357 4242 aestimen-

182 4292 234 4350 tur
257 4291 370 4366 pretio.

229 4518 290 4576 116
315 4531 384 4589 sqq.
409 4516 505 4576 Stant
527 4533 602 4590 ergo
626 4530 740 4575 omnes
764 4517 882 4577 armati
903 4517 1018 4577 dextra
1036 4517 1193 4594 laevaque
1212 4522 1359 4597 Ulyssis:
