3310 5262
731 662 773 720 89

212 851 366 926 Equidem
385 853 438 912 hic
457 849 600 928 ἐκφόρεον
619 854 725 929 legere
745 853 859 913 malim
879 867 977 926 quam
996 846 1148 926 ἐσφόρεον.
1161 848 1337 920 Postquam

170 964 254 1023 enim
288 968 498 1027 surrexerunt
531 966 669 1040 Ulysses
702 964 851 1039 filiusque
882 964 942 1024 hoc
972 963 1114 1038 primum
1146 962 1196 1021 est
1225 961 1262 1020 ut
1289 974 1338 1017 ex

169 1078 371 1154 conclavi,
411 1079 465 1138 ubi
498 1081 665 1153 hucusque
702 1080 862 1155 sederant,
899 1093 991 1138 arma
1025 1076 1182 1136 auferant.
1220 1073 1338 1133 Statim

167 1194 277 1252 autem
301 1192 374 1252 inde
397 1193 538 1267 egressis
561 1193 705 1254 Minerva
727 1194 860 1267 apparet
883 1207 958 1251 curn
983 1189 1117 1249 lumine.

211 1383 254 1442 44
274 1399 322 1457 sq.
343 1383 523 1444 Translatis
542 1385 644 1444 armis
663 1384 808 1445 cubitum
827 1384 873 1444 ire
893 1382 1124 1443 Telemachum
1145 1381 1233 1441 iubet
1248 1382 1340 1454 pater

167 1496 334 1571 additque:

588 1610 644 1693 ἐγὼ
668 1607 695 1672 δ’
721 1609 922 1689 ὑπολείψομαι
946 1601 1022 1670 αὖθι

301 1723 380 1803 ὄφρα
403 1720 426 1784 κ’
454 1723 494 1785 ἔτι
517 1723 617 1810 δμῳὰς
639 1723 689 1785 καὶ
713 1722 823 1803 μητέρα
846 1723 903 1801 σὴν
928 1721 1058 1802 ἐρεθίζω.

211 1840 403 1916 Quamnam,
437 1841 577 1916 obsecro,
603 1842 656 1901 hic
678 1841 747 1901 vim
771 1840 869 1900 habet
891 1839 1027 1899 verbum
1052 1835 1198 1915 ἐρεθίζω1
1217 1836 1343 1894 Dixerit

164 1954 283 2028 aliquis
316 1953 455 2028 experiri
486 1954 569 2014 velle
602 1954 756 2028 Ulyssem
787 1969 948 2028 quaenam
971 1950 1108 2011 ancillae
1132 1949 1166 2009 in
1190 1948 1252 2008 fide
1275 1963 1341 2022 per-

164 2067 310 2126 stiterint
343 2068 376 2126 et
410 2083 492 2140 quae
523 2082 596 2126 cum
631 2067 736 2141 procis
770 2067 900 2127 faciant.
933 2066 1039 2139 Atque
1071 2065 1131 2122 hoc
1162 2061 1217 2123 illo
1245 2061 1342 2120 verbo

165 2183 329 2254 utcunque
363 2179 537 2255 significari
561 2183 677 2257 potest.
703 2181 764 2240 Sed
788 2181 928 2240 alterum
952 2178 1075 2238 accedit
1103 2176 1265 2237 obiectum
1288 2196 1343 2251 μη-

165 2292 232 2372 εέρο
258 2291 331 2369 cdv:
352 2293 391 2352 de
414 2294 510 2352 huius
534 2297 645 2354 autem
668 2293 730 2359 fide
753 2311 818 2354 non
842 2293 968 2353 dubitat
990 2292 1137 2366 Ulysses.
1163 2288 1344 2350 Absurdius

43 2376 47 2387 Ι
166 2408 279 2466 autem
301 2407 346 2467 sit
369 2406 459 2467 illam
483 2407 644 2482 simulque
668 2409 802 2468 ancillas
825 2407 1002 2467 irritare
1025 2403 1118 2465 velle.

211 2597 266 2657 60.
290 2596 387 2656 Venit
411 2612 485 2671 ergo
510 2598 668 2671 Penelope
692 2600 724 2658 et
748 2613 822 2657 cum
846 2598 964 2658 marito
988 2598 1119 2658 assidit:

413 2700 510 2786 ἦλθον
533 2706 566 2768 δὲ
590 2706 686 2793 δμῳαὶ
709 2711 882 2770 λευκώλενοι
906 2708 937 2770 ἐκ
961 2711 1099 2790 μεγάροιο

44 2864 48 2895 5
168 2821 198 2883 ἐκ
234 2822 372 2901 μεγάροιο
407 2821 562 2884 nimirum
599 2840 640 2884 ex
674 2825 819 2899 ipsarum
854 2825 1007 2900 conclavi,
1046 2825 1101 2884 ubi
1140 2825 1218 2883 dum
1254 2837 1346 2882 arma

44 2912 52 2995 l¹
167 2937 384 2999 transferebat
418 2935 648 2998 Telemachus
666 2939 867 2998 concluserat
901 2953 957 2998 eas
991 2938 1149 3012 Euryclea
1183 2935 1345 3015 (μεγάροισι

167 3066 216 3111 vs.
246 3053 285 3110 16
310 3051 343 3109 et
365 3049 501 3128 μεγάρων
526 3067 574 3110 vs,
600 3052 642 3110 30
667 3051 700 3110 in
719 3051 844 3126 plurali)

213 3255 267 3315 68.
302 3254 387 3313 Dum
423 3255 558 3315 ancillae
585 3270 718 3315 mensas
749 3257 927 3316 exonerant
958 3260 991 3316 et
1021 3257 1173 3316 conclave
1200 3255 1347 3314 virorum

169 3369 310 3442 purgant
340 3368 497 3444 sordibus,
523 3370 691 3429 sedentem
714 3368 779 3428 illic
803 3369 903 3428 etiam
926 3370 1038 3430 vident
1060 3370 1224 3444 Ulyssem,
1250 3384 1347 3442 quem

170 3480 354 3540 maledictis
378 3481 553 3556 corripiunt
576 3483 609 3541 et
632 3482 680 3541 sic
703 3481 862 3542 facessere
886 3483 1013 3542 iubent:

371 3587 428 3651 ἀλλ’
455 3592 554 3666 ἔξελθε
577 3595 700 3673 θύραζε,
723 3592 896 3672 collumni
920 3594 1019 3666 δαιτὸς
1043 3591 1143 3672 ὄνησο.

170 3710 270 3770 Estne
304 3709 476 3785 verborum
506 3704 557 3766 καὶ
588 3706 686 3779 δοιεὸς
711 3705 802 3786 ὄνησο
826 3709 879 3769 hic
902 3724 1035 3769 sensus:
1063 3710 1123 3784 „et
1150 3723 1224 3768 cum
1249 3709 1349 3783 largis

171 3823 275 3897 epulis
294 3824 340 3882 sis
359 3823 464 3882 fartus
483 3822 574 3882 molli
593 3837 679 3881 nunc
698 3822 803 3881 fruere
823 3825 959 3882 somno”
973 3839 1015 3883 an
1028 3823 1099 3882 vitii
1111 3822 1231 3895 aliquid
1244 3821 1349 3882 latet?

218 4028 258 4086 81
280 4042 348 4101 sqq.
370 4027 422 4086 Ira
441 4027 593 4086 incensus
609 4026 746 4100 Ulysses
759 4027 792 4085 et
804 4026 868 4085 alia
879 4025 1067 4100 procacibus
1080 4025 1206 4085 ancillis
1219 4039 1349 4099 respon-

174 4140 229 4198 det
249 4141 281 4199 et
299 4155 344 4215 se,
366 4141 420 4214 qui
439 4155 525 4199 nunc
544 4141 668 4199 victum
681 4139 858 4199 mendicari
871 4139 994 4216 debeat,
1009 4139 1088 4199 olim
1100 4137 1201 4197 fuisse
1214 4137 1349 4197 divitem

175 4252 416 4326 multorumque
434 4253 607 4313 dominum
631 4267 810 4312 servorum.
836 4252 896 4311 His
920 4252 981 4313 hoc
1005 4251 1114 4312 adiicit
1138 4250 1326 4310 consilium:

353 4378 391 4450 τῷ
416 4376 473 4426 νῦν
497 4361 537 4445 μή
561 4387 630 4427 ποτε
653 4363 702 4425 καὶ
726 4366 774 4443 σὺ,
796 4367 896 4445 γύναι,
919 4363 977 4427 ἀπὸ
1000 4375 1100 4425 πᾶσαν
1124 4358 1243 4446 ὀλέσσῃς

353 4478 488 4560 ἀγλαΐην,
510 4490 545 4564 τῇ
568 4488 625 4539 νῦν
648 4500 680 4559 γε
703 4477 774 4557 μετὰ
798 4479 912 4564 δμῳῇσι
935 4478 1085 4555 κέκασσαι,
