3310 5262
841 642 902 700 lia

460 825 553 906 αὐτὰρ
577 825 594 886 ὅ
615 850 634 906 γ
643 871 652 898 ,
675 823 754 905 ὄφρα
778 822 831 902 μὲν
855 825 934 910 αὐτῷ
958 824 1128 903 ἀμύνεσθαι
1151 824 1221 886 ἕσαν
1245 823 1295 902 ἰοί,

459 940 555 1019 τόφρα
579 940 755 1020 μνηστήρων
778 937 831 999 ἕνα
854 934 878 1020 γ’
904 937 962 999 αιέὶ
985 941 1031 1023 foi
1056 939 1099 1000 ἐνὶ
1121 941 1217 1026 ίοίκη)

456 1049 556 1131 ’βάλλε
579 1053 793 1130 τιτυσκόμενος·
817 1050 861 1113 τοί
885 1048 913 1113 δ’
942 1053 1101 1132 ἀγχιστῖνοι
1126 1052 1257 1115 ἔπιπτον.

326 1173 415 1231 Haec
438 1186 513 1243 ergo
536 1170 674 1242 Ulysses
696 1170 835 1229 faciebat
858 1171 1012 1242 quamdiu
1036 1170 1126 1244 ipse
1149 1171 1288 1244 sagittas
1308 1172 1458 1232 habebat.

282 1289 322 1347 Et
345 1288 419 1361 quid
444 1286 566 1360 deinde,
588 1301 662 1344 cum
687 1287 897 1360 consumptae
922 1288 1032 1345 essent
1058 1287 1197 1345 omnes?
1228 1287 1416 1360 Sumpsitne
1441 1301 1461 1344 a

283 1399 479 1459 comitibus?
512 1398 618 1457 immo
650 1413 742 1457 vero:
776 1414 887 1458 arcum
919 1399 1075 1473 deposuit,
1104 1398 1232 1472 galeam
1256 1399 1460 1472 clipeumque

282 1513 432 1586 sumpsit,
465 1512 569 1570 hastis
601 1526 670 1570 rem
698 1527 808 1586 gerere
834 1511 946 1585 coepit.
972 1512 1122 1583 Sequitur
1146 1527 1220 1585 ergo
1244 1514 1280 1571 ut
1304 1511 1382 1593 αὐτῷ
1407 1513 1462 1572 hic

282 1626 391 1685 Attico
414 1639 504 1683 more
527 1624 671 1697 positum
695 1623 841 1683 dicamus
864 1640 921 1698 pro
946 1624 1034 1698 epico
1058 1625 1109 1680 sa
1143 1624 1237 1683 Haud
1257 1624 1351 1683 dubie
1371 1625 1461 1684 idem

282 1739 405 1797 facturn
440 1752 488 1796 vs
524 1738 596 1795 149.
632 1737 808 1796 Narratum
839 1739 889 1796 cst
919 1737 1079 1808 quomodo
1111 1752 1203 1796 arma
1234 1753 1253 1796 a
1283 1738 1462 1798 Melanthio

283 1851 367 1910 clam
390 1849 457 1909 sint
480 1850 579 1909 allata
601 1849 715 1923 procis.
741 1850 907 1922 Sequitur:

374 1964 434 2021 147
461 1960 510 2020 καὶ
533 1958 585 2021 τότ’
609 1959 772 2038 Ὀδυσσῆος
792 1957 873 2022 ’λύτο
896 1963 1028 2041 γούνατα
1050 1960 1100 2020 καί
1124 1961 1212 2038 φίλον
1236 1954 1317 2039 ἦτορ,

461 2073 500 2146 ὡς
525 2074 794 2154 περιβαλλομένους
814 2070 894 2135 ’fiis
918 2076 1019 2154 τεύχεα
1042 2076 1123 2154 χερσί
1143 2097 1173 2135 τε
1196 2075 1291 2153 δοῦρα

461 2186 558 2265 μακρὰ
582 2188 780 2260 τινάσσοντας·
805 2185 879 2268 μίγα
903 2184 931 2248 δ’
959 2189 1060 2272 αὐτῷ
1080 2183 1215 2265 ’φαίνετο
1238 2187 1357 2269 ίέργον.

329 2416 391 2474 154
412 2429 480 2486 sqq.
502 2414 583 2471 Novi
604 2412 737 2486 periculi
750 2413 904 2473 admonet
917 2412 1021 2472 filium
1034 2414 1187 2487 Ulysses;
1202 2414 1255 2474 ille
1268 2416 1460 2488 respondet:

463 2518 485 2583 ὦ
506 2524 605 2604 πάτερ,
625 2524 713 2596 αὐτὸς
733 2523 789 2604 ἐγὼ
809 2526 875 2585 τόδε
894 2520 916 2604 γ’
940 2523 1090 2604 ἤμβροτον
1109 2561 1143 2570 --
1160 2525 1231 2587 οὐδέ
1251 2551 1292 2598 τις
1311 2524 1398 2598 ἄλλος

462 2638 553 2709 αἴτιος
565 2672 618 2715 -,
630 2637 662 2709 ὅς
685 2636 835 2714 θαλάμοιο
859 2640 961 2717 θύρην
985 2648 1117 2711 πυκινῶς
1141 2637 1288 2719 άραρνῖαν

461 2753 603 2811 κάλλιπον
627 2749 774 2830 ἀγκλίνας·
798 2761 857 2810 τῶν
880 2747 912 2811 δὲ
936 2750 1045 2824 σκοπὸς
1069 2743 1122 2830 ἦεν
1146 2750 1284 2829 άμείνων.

329 2868 408 2942 Quid
430 2867 545 2926 ultima
564 2867 643 2925 haec
663 2864 871 2940 significant?
891 2867 942 2926 An
961 2867 1009 2926 sic
1027 2867 1094 2926 fere
1114 2868 1338 2941 intelligenda:
1356 2870 1463 2943 ,apud

284 2981 486 3041 adversarios
520 2979 582 3039 fuit
620 2979 751 3053 quidam
787 2983 857 3039 tam
888 2980 1025 3053 diligens
1057 2981 1239 3054 speculator
1270 2996 1368 3053 quam
1399 2997 1461 3054 ego

282 3095 328 3153 fui
352 3075 519 3169 negligens
543 3097 670 3154 custos:
695 3095 778 3166 quod
802 3095 889 3153 enim
914 3110 972 3168 ego
1000 3094 1218 3168 neglexeram,
1240 3093 1271 3152 id
1290 3095 1344 3153 ille
1364 3096 1461 3154 acute

283 3207 469 3267 observavit
491 3208 524 3266 et
547 3207 581 3264 in
604 3221 701 3265 suum
720 3222 817 3265 usum
839 3207 1045 3266 convertit”?
1066 3207 1117 3266 Sic
1137 3209 1248 3266 tamen
1268 3207 1325 3266 vix
1344 3207 1461 3268 abesse

283 3323 410 3395 poterat
428 3319 587 3394 particula
610 3317 675 3397 ἄρα.

330 3546 390 3604 167
416 3560 484 3617 sqq.
517 3545 612 3604 Videt
643 3543 805 3602 Eumaeus
837 3543 1049 3603 Melambium
1073 3543 1249 3602 intrantem
1275 3543 1460 3603 cubiculum

282 3661 437 3732 rogatque
460 3657 631 3730 Ulyssem:

460 3768 479 3849 ἤ
504 3792 554 3847 μιν
578 3768 751 3846 ἀποκτείνω,
774 3768 809 3828 αί
828 3791 860 3828 κε
883 3768 1025 3849 κρείσσων
1048 3790 1080 3849 γε
1103 3739 1251 3849 γε’νωμαιζΙ

463 3879 495 3960 ἠὲ
518 3880 565 3941 σοὶ
588 3877 696 3942 ἐνθάδ’
723 3880 784 3961 άγω

327 3997 532 4070 Respondere
556 3997 603 4056 sic
626 3997 738 4070 incipit
761 3997 915 4070 Ulysses:

460 4103 478 4187 ἦ
503 4133 547 4170 τοι
570 4109 626 4190 ἐγὼ
649 4109 700 4169 καί
726 4109 892 4189 Τηλέμαχος
916 4118 1085 4189 μνηστῆρας
1109 4105 1242 4190 άγανοὺς

461 4224 606 4302 σχήσομεν
630 4223 771 4284 ἔντοσθεν
795 4224 930 4302 μεγάρων
954 4223 1030 4301 μάλα
1054 4245 1108 4303 περ
1132 4232 1293 4301 μεμαῶτας.

328 4337 408 4412 Quid
438 4337 518 4396 haec
541 4338 581 4396 ad
605 4353 643 4397 ea
666 4353 748 4410 quae
771 4341 904 4412 rogatus
924 4339 998 4397 est?
1021 4337 1182 4411 quispiam
1202 4340 1345 4410 quaerat.
1365 4338 1457 4411 Equi-

283 4453 356 4512 dem
387 4452 568 4525 praemissa
593 4453 748 4526 suspicor,
774 4453 850 4525 quia
871 4453 1019 4511 iussurus
1044 4452 1095 4510 est
1117 4451 1254 4525 Ulysses
1277 4452 1457 4512 Eumaeum
