3270 5262
744 680 785 745 47

169 876 277 939 moris
310 891 384 936 esse
414 874 576 948 hospitem
608 874 678 934 sine
708 875 829 933 honore
861 874 1037 947 (donisque)
1066 871 1253 933 dimittere?
1277 873 1354 933 Mihi

170 993 310 1067 quidem
346 991 427 1050 nihil
461 991 577 1049 horum
612 989 726 1063 planet,
764 987 820 1046 sed
856 990 1043 1062 corruptum
1077 988 1184 1048 locum
1221 1004 1353 1048 censeo:

169 1121 281 1180 neque
306 1105 395 1165 enim
417 1095 489 1179 ὗμιν
512 1102 620 1162 omitti
645 1101 750 1175 potuit
773 1115 876 1173 noque
900 1101 1003 1172 ξεῖνος.

220 1331 288 1390 436
312 1344 381 1402 sqq.
402 1328 538 1386 Narrate
560 1326 621 1386 sibi
641 1326 680 1384 ab
700 1325 957 1399 Agamemnonis
981 1325 1096 1384 umbra
1115 1326 1182 1384 dire
1196 1324 1354 1399 Clytaem-

171 1449 310 1504 nestrae
334 1441 454 1501 scelere
479 1441 643 1499 exclamat
662 1439 815 1512 Ulysses:

359 1552 381 1613 ὢ
405 1552 507 1629 κόποι,
529 1576 548 1629 κγ
572 1553 649 1629 μάλα
674 1549 711 1628 δὴ
736 1551 826 1630 γόνον
852 1549 961 1628 Ἀτρέος
986 1551 1142 1631 εὐρύλοττα
1168 1552 1242 1625 Ζεὺς

359 1666 509 1746 ἕκτάγλως
533 1664 647 1745 ἤχθηρε
670 1664 842 1746 γυναικείας
867 1663 917 1723 διὰ
941 1663 1052 1743 βουλὰς

360 1780 389 1854 ἐξ
412 1779 511 1861 ἀρχῆς·
531 1775 653 1857 Ἑλένης
678 1775 731 1856 μὲν
755 1773 924 1856 ἀπωλόμεθ’
951 1779 1047 1874 εἵνεκα
1070 1779 1183 1856 πολλοὶ,
1285 1804 1288 1811 ·

362 1893 409 1955 σοὶ
432 1892 464 1954 δὲ
489 1893 737 1972 Κλυταιμνήστρη
762 1892 850 1952 δόλον
874 1889 962 1971 ἤρτυε
985 1888 1085 1969 τηλόθ’
1112 1892 1197 1954 ἐόντι.
1250 1976 1256 1987 ι

225 2010 308 2085 Quid
339 2011 391 2070 hic
415 2012 465 2069 est
487 2007 656 2087 γυναικείας
682 2005 731 2066 διὰ
754 2006 889 2085 doullie?
914 2007 947 2065 Si
971 2001 1088 2066 vertis:
1116 2013 1265 2084 „propter
1289 2027 1357 2070 mu·

176 2126 299 2184 lierum
332 2123 487 2184 eonsilia''
519 2124 606 2182 reete
630 2123 759 2195 quidem
784 2137 823 2180 ea
848 2120 1002 2181 vocabula
1025 2137 1100 2180 eum
1124 2123 1220 2183 verbo
1244 2121 1359 2201 ἤχθηρε

179 2240 376 2312 iunguntur:
415 2239 504 2312 „tam
539 2236 679 2295 sceleste
714 2236 890 2296 mulierum
925 2235 1126 2308 quarundam
1163 2236 1358 2297 Graecarum

178 2353 314 2411 fuerunt
344 2350 479 2410 consilia
510 2351 547 2408 ut
577 2349 651 2408 inde
684 2349 771 2408 Iovis
803 2349 836 2408 in
867 2364 981 2409 omnes
1013 2353 1121 2411 ortum
1148 2352 1192 2411 sit
1216 2353 1358 2412 odium.”

181 2465 245 2523 Sed
278 2464 316 2522 de
347 2479 411 2522 una
441 2465 537 2537 gente
569 2462 660 2521 Atrei
691 2463 744 2521 hie
775 2463 882 2537 agitur
912 2463 961 2522 dis
993 2464 1108 2524 inviso.
1133 2465 1173 2524 Et
1196 2467 1358 2540 sequitur:
1447 2469 1455 2482 ’

185 2577 351 2653 „Helenae
383 2592 481 2636 eausa
511 2575 608 2636 multi
638 2577 786 2635 nostrum
815 2575 1014 2653 interierunt,
1039 2580 1076 2638 tu
1099 2593 1175 2637 vero
1200 2577 1359 2653 Clytaem-

182 2693 316 2752 nestrae
347 2690 474 2750 insidiis
501 2689 657 2764 periisti.”
684 2690 863 2764 suspiceris
887 2706 962 2765 ergo
986 2691 1093 2750 verbis
1117 2693 1287 2771 γυναικείας
1311 2691 1361 2752 διὰ

179 2803 295 2884 βουλάς
329 2803 504 2879 significari
542 2819 611 2864 rem
647 2819 710 2877 qun
744 2804 866 2878 Iupiter
900 2806 1011 2864 utatur
1045 2807 1082 2864 ut
1118 2807 1228 2866 odium
1263 2823 1360 2867 suum

180 2933 335 2979 exercere
366 2918 478 2992 possit.
512 2918 573 2977 Sed
597 2917 740 2977 Helenae
766 2917 920 2978 delictum
946 2919 1095 2978 omnibus
1119 2920 1250 2981 Graecis
1273 2923 1359 2981 fune·

180 3035 276 3092 stum
306 3032 375 3107 fnit,
408 3048 472 3092 non
503 3032 582 3091 solis
606 3032 750 3091 Atridis·
764 3032 936 3091 Praeterea
960 3029 1108 3110 ἐχθαίρειν
1133 3036 1183 3093 est
1206 3034 1358 3109 odisse,
1448 3049 1450 3054 ·

180 3162 250 3206 non
282 3144 421 3229 odium
452 3161 663 3210 exercere.
698 3145 795 3205 Gravi
819 3145 964 3206 laborare
988 3147 1099 3207 morbo
1123 3150 1229 3208 totum
1254 3149 1361 3208 locum

182 3274 313 3321 censeo.

231 3484 297 3543 484
321 3499 367 3557 sq.
393 3483 529 3544 Achillis
551 3483 745 3545 felicitatem
770 3487 802 3545 et
822 3485 895 3544 aliis
915 3486 1022 3545 verbis
1042 3483 1179 3558 Ulysses
1199 3485 1363 3560 praedicat

185 3600 222 3658 et
245 3597 352 3657 hisee:

409 3708 481 3790 κτρλν
505 3707 558 3788 μὲν
581 3711 637 3792 γάρ
662 3727 693 3771 σε
719 3710 793 3796 ζῳὸν
818 3710 931 3789 ἐτίομεν
955 3705 1004 3771 ἶσα
1027 3716 1125 3772 θεοῖσι

411 3821 542 3903 Ἀργέιοι,
565 3833 622 3884 νῦν
646 3816 715 3884 αὖτε
738 3821 812 3905 μέγα
836 3823 964 3904 κρατέεις
988 3825 1130 3886 νεκύεσσι.

235 3938 287 3998 Sic
316 3938 430 4014 vulg03
455 3955 511 4013 pro
536 3936 649 4017 ἐτίομεν
672 3934 721 3999 ἶσα
744 3941 891 4000 Naberus
915 3941 1052 4001 coniecit
1075 3937 1151 3998 ἔκιον
1174 3941 1256 4016 λῖτα,
1279 3941 1362 4014 quod

188 4069 249 4113 vos
272 4052 449 4126 recepistis
475 4051 568 4113 Certe
599 4055 646 4114 sic
669 4070 766 4114 suum
790 4055 851 4113 sibi
873 4055 896 4112 f
915 4055 1013 4115 habet
1035 4054 1117 4129 fine,
1140 4055 1197 4114 sed
1220 4055 1364 4114 nascitur

187 4168 361 4242 structure,
387 4166 415 4226 si
439 4167 514 4240 quid
537 4168 640 4243 video,
665 4168 802 4226 minime
826 4168 1008 4228 Homerica.
1033 4169 1085 4227 An
1108 4168 1141 4226 in
1164 4170 1255 4243 poesi
1275 4170 1365 4244 epioe

188 4294 265 4340 eum
286 4279 456 4339 verborum
477 4281 621 4341 seramus
642 4282 797 4356 ordinem,
820 4298 882 4354 quo
902 4283 1044 4356 primum
1063 4283 1202 4356 ponatur
1220 4283 1362 4356 verbnm,

188 4393 304 4453 deinde
328 4393 504 4453 interiectis
528 4395 721 4469 quibusdam
742 4395 908 4454 vocabulis
928 4395 1135 4452 subiectum?
1156 4395 1290 4454 Latinus
1311 4395 1364 4453 ille

188 4507 317 4566 videtur
339 4507 445 4580 potius
469 4524 566 4582 qnam
591 4509 742 4566 Graecus,
