3270 5262
823 617 841 676 8

247 825 310 868 non
335 824 406 868 esse
430 809 482 867 hic
505 808 544 866 ad
568 823 718 867 severam
742 805 901 866 trutinam
921 805 1079 879 exigenda
1099 805 1226 879 singula
1246 806 1424 865 vocabula:

246 920 379 981 ἀδύνατα
410 923 498 982 enim
529 923 615 981 recte
646 921 717 996 dici,
751 936 832 994 quae
861 922 973 980 tamen
996 935 1016 978 a
1038 920 1171 979 deorum
1196 919 1303 991 aliquo
1326 919 1425 978 effici·

246 1038 351 1095 antur.
376 1035 420 1095 At
443 1035 602 1095 eiusmodi
626 1035 927 1110 interpretationem
951 1035 1025 1094 hinc
1049 1035 1176 1108 repellit
1199 1049 1330 1092 versus:

434 1148 594 1228 φράσσεται
617 1148 657 1221 ὥς
679 1171 712 1209 κε
734 1147 845 1228 νέηται,
868 1147 929 1209 ἐπεὶ
951 1128 1160 1228 πολυμήχανός
1181 1145 1239 1208 ἔστι
1264 1203 1266 1206 ,

247 1283 309 1340 quo
326 1267 408 1339 ipse
439 1263 575 1337 Ulysses
606 1264 657 1323 sui
687 1265 810 1324 reditus
841 1266 953 1324 auctor
975 1262 1013 1323 flt
1036 1263 1238 1336 effectorque.
1265 1263 1326 1322 Sed
1350 1278 1425 1322 con·

246 1380 384 1440 siderate
416 1393 514 1451 quam
545 1379 717 1452 languidus
747 1394 862 1438 versus
893 1379 947 1438 ille
978 1380 1030 1454 sit,
1063 1394 1161 1452 quam
1193 1377 1282 1438 omni
1313 1377 1427 1436 careat

246 1495 358 1554 ardore
388 1492 522 1567 poetico,
555 1507 653 1564 quarn
684 1492 791 1566 sapiat
821 1494 1023 1566 poetastrum
1060 1493 1113 1552 vel
1147 1491 1425 1564 ludimagistrum.

245 1608 289 1666 Eo
313 1607 422 1665 autern
443 1605 545 1665 eiecto
565 1605 717 1665 restituta
737 1607 798 1666 erit
818 1607 940 1667 vetusti
960 1609 1074 1681 poetae
1094 1622 1221 1668 manus,
1243 1606 1313 1665 Non
1333 1605 1425 1664 enim

244 1721 355 1796 putida
383 1720 523 1793 quadam
547 1720 706 1794 sapientia
729 1721 939 1782 ratiocinatur
962 1722 1095 1797 Mentor,
1121 1721 1186 1796 sed,
1211 1721 1288 1780 licet
1310 1722 1424 1780 vatem

245 1851 280 1895 se
304 1849 376 1894 esse
399 1835 504 1909 neget,
529 1836 641 1895 tamen
664 1836 778 1910 plenus
802 1837 853 1894 est
875 1835 935 1910 dei,
960 1838 1071 1895 tamen
1095 1834 1267 1911 μαντεύεται
1291 1837 1324 1894 et
1344 1834 1424 1908 quin

244 1951 400 2008 eventura
430 1948 497 2007 sint
520 1965 601 2022 quae
625 1949 655 2008 ei
678 1946 722 2008 ἐνὶ
744 1955 834 2032 θυμῷ
859 1946 1007 2008 ἀθάνατοι
1030 1948 1171 2027 βάλλουσι
1195 1965 1259 2009 non
1283 1949 1421 2008 dubitat.

247 2063 424 2139 „Etiamsi”
457 2062 503 2121 ait
537 2063 679 2138 ,irrupta
709 2065 841 2122 teneant
866 2064 1018 2137 Ulyssem
1042 2064 1181 2139 vincula,
1205 2066 1317 2123 tamen
1341 2079 1421 2121 mox

246 2180 309 2238 huc
340 2177 459 2237 aderit:
491 2177 538 2236 sic
569 2179 636 2236 stat
668 2178 831 2236 sententia
858 2177 1002 2237 divum.''
1028 2177 1115 2252 Quod
1140 2180 1251 2238 autem
1274 2176 1423 2236 dicebam

246 2293 321 2351 boni
344 2291 461 2352 habere
485 2292 604 2365 aliquid
628 2292 800 2352 lectionem
824 2307 843 2351 a
866 2292 1003 2366 Didymo
1024 2294 1331 2352 commemoratam:
1353 2292 1422 2350 vul·

245 2407 340 2480 gatae
374 2406 527 2480 praestat,
564 2421 640 2464 nam
675 2405 836 2478 integram
871 2407 957 2464 certe
987 2407 1098 2464 servat
1127 2405 1420 2479 interpolationem.

144 2535 169 2577 1
247 2520 306 2595 Qui
333 2521 420 2579 enim
443 2519 577 2594 primae,
603 2519 711 2593 inepto
735 2518 875 2591 quodam
898 2518 1083 2592 diligentiae
1106 2519 1213 2578 studio
1237 2520 1361 2594 ductae,
1387 2521 1422 2578 et

246 2651 285 2694 ne
310 2635 343 2692 in
362 2633 515 2692 vaticinio
540 2632 669 2705 quidem
693 2632 868 2705 quidquam
892 2632 975 2705 quod
999 2647 1063 2691 non
1086 2635 1274 2692 accuratum
1299 2632 1420 2691 videre-

246 2750 298 2807 tur
333 2748 449 2822 serene,
487 2747 572 2806 hunc
607 2747 715 2806 locum
750 2746 934 2821 corruperit,
972 2762 1035 2806 non
1070 2748 1186 2822 solum,
1224 2749 1260 2805 ut
1297 2747 1418 2824 opinor,

245 2862 407 2922 insulsum
429 2876 579 2919 versum:

431 2972 592 3052 φράσσεται
616 2973 655 3045 ὥς
678 2995 710 3034 ιιε
733 2971 843 3051 νέηται,
866 2970 927 3034 ἐπεὶ
950 2972 1158 3053 πολυμήχανός
1182 2972 1240 3033 ἐστι

243 3091 368 3165 adiecit,
401 3089 457 3149 sed
489 3089 589 3148 etiam
620 3088 718 3148 simul
749 3085 820 3148 οὐδέ
849 3089 883 3148 in
906 3086 977 3147 diist
1002 3091 1152 3149 mutavit.
1178 3090 1317 3163 Vulgata
1341 3105 1417 3149 vero

245 3204 339 3263 lectio
360 3203 642 3277 interpolationem
662 3217 736 3262 cum
756 3202 889 3274 antiqua
908 3203 1044 3263 lectione
1064 3203 1263 3277 permixtam
1275 3202 1416 3262 exhibet.
