3310 5262
844 667 886 726 90

503 855 533 914 εἴ
551 853 613 924 πώς
637 875 680 911 τοι
701 849 844 930 Ιδέσποινα
868 847 1065 927 κοτεσσαμένη
1089 848 1239 932 χαλεπήνῃ

502 965 521 1046 ἢ
542 962 681 1037 Ὀδυσεὺς
705 964 787 1048 ἔλθη·
811 963 850 1024 ἔτι
873 963 928 1043 γὰρ
952 961 1002 1023 καὶ
1028 961 1171 1035 Γέλπίδος
1195 956 1272 1022 αἶσα.

305 1081 435 1156 ‘Neque
465 1082 540 1154 quid
570 1080 702 1139 omnino
732 1081 812 1139 haec
836 1078 1012 1138 admonitio
1035 1078 1097 1138 sibi
1120 1077 1199 1137 velit
1221 1077 1324 1151 video,
1349 1091 1456 1149 neque

280 1197 439 1272 quomodo
474 1210 548 1254 cum
582 1195 792 1269 praecedente
811 1193 1134 1283 commemoratione
1160 1191 1357 1265 divitiarum,
1386 1189 1454 1262 qui·

281 1310 340 1369 bus
364 1325 399 1369 se
423 1308 500 1368 olim
525 1308 705 1368 abundasse
728 1307 865 1381 Ulysses
889 1307 975 1382 dicit,
1004 1307 1183 1365 cohaereat.
1265 1305 1267 1312 '

328 1538 389 1597 162
421 1552 468 1610 sq.
500 1535 546 1595 De
576 1536 648 1596 dolo
678 1535 790 1610 Ulyssi
818 1537 928 1595 narrat
958 1535 1116 1609 Penelope
1143 1549 1204 1608 quo
1228 1531 1352 1592 invisas
1375 1547 1454 1606 nup-

280 1651 344 1711 tias
379 1652 519 1726 effugere
549 1650 593 1711 sit
623 1651 755 1724 conata;
783 1667 850 1725 quo
881 1652 1036 1725 deprenso
1063 1665 1099 1709 se
1123 1649 1194 1724 iam
1212 1649 1364 1708 resistere
1388 1660 1455 1705 non

280 1780 375 1839 posse
397 1765 583 1839 parentibus
607 1763 734 1838 fflioque
753 1765 960 1839 poscentibus
979 1766 1016 1824 ut
1035 1763 1130 1823 alicui
1148 1778 1318 1838 procorum
1341 1760 1454 1820 nubat.

280 1878 369 1938 Haec
391 1879 446 1938 ubi
469 1879 737 1938 commemoravit
760 1877 865 1938 tristis
887 1877 1004 1938 mulier
1027 1878 1141 1938 statim
1165 1877 1269 1937 addit:

435 1987 581 2050 ἀλλὰκαὶ
604 1981 643 2061 ὧς
667 2012 717 2068 μοι
739 1986 826 2051 ferni
848 1989 913 2050 τεὸν
937 1987 1031 2070 γένος,
1054 1987 1191 2050 ὁππόθεν
1215 1986 1284 2049 ἐσσί·

436 2101 471 2163 οὐ
495 2100 550 2182 γὰρ
574 2100 633 2163 ἀπὸ
657 2102 746 2183 δρυός
770 2100 831 2164 ἐσσι
853 2103 1043 2179 παλαιφάτου
1068 2097 1133 2164 οὐδ’
1160 2099 1219 2162 ἀπὸ
1246 2098 1362 2180 πέτρης.

326 2217 435 2278 Obiter
458 2218 627 2292 aspicienti
650 2218 753 2278 mirus
777 2219 829 2278 hic
851 2219 1009 2279 transitus
1033 2220 1176 2279 videtur:
1203 2233 1281 2294 „ego
1305 2218 1372 2276 iam
1388 2233 1455 2277 non

280 2309 414 2406 possum
437 2331 541 2391 vitare
564 2331 694 2405 nuptias
717 2331 870 2392 istas...
895 2333 967 2391 sed
989 2335 1130 2392 tamen
1152 2347 1249 2391 narra
1267 2330 1349 2389 mihi
1366 2331 1454 2390 unde

281 2444 327 2503 sis
351 2446 383 2504 et
406 2459 467 2517 quo
487 2459 604 2518 genere
622 2445 830 2520 prognatus‚''
852 2446 1039 2519 quasivero
1059 2447 1139 2506 haec
1159 2445 1243 2504 inter
1262 2460 1297 2504 se
1317 2445 1453 2503 certent.

281 2558 343 2616 Sed
377 2573 411 2616 re
442 2557 624 2617 accuratius
654 2573 812 2632 perpensa
841 2559 928 2618 recte
959 2575 994 2618 se
1025 2559 1135 2618 omnia
1157 2558 1275 2618 habere
1299 2559 1332 2617 et
1354 2572 1452 2617 venu-

280 2670 465 2730 stissimum
489 2687 561 2730 esse
584 2671 670 2731 bunc
688 2672 795 2731 locum
816 2673 990 2747 apparebit.
1012 2672 1167 2747 Colloquii
1183 2672 1313 2732 initium
1333 2671 1456 2730 fecerat

280 2783 438 2858 Penelope
462 2785 500 2844 ab
524 2785 647 2845 usitata
669 2785 725 2845 illa
748 2785 999 2861 interrogatione
1024 2791 1082 2857 (vs,
1112 2788 1202 2857 lOblz

411 2896 454 2968 τίς
477 2895 574 2957 πόθεν
597 2891 654 2956 ἕσσ’
680 2895 815 2975 &oderim
837 2899 913 2959 πόθι
934 2921 977 2959 τοι
1000 2898 1084 2972 πόλις
1107 2894 1160 2978 ἠδὲ
1182 2906 1301 2976 τοκῆες;

280 3011 341 3070 Hic
373 3010 519 3086 Ulysses,
552 3027 655 3086 neque
686 3028 721 3072 se
745 3013 885 3074 indicare
908 3014 1021 3074 volens
1044 3029 1148 3087 neque
1170 3012 1247 3073 ficta
1269 3013 1455 3074 narratione

279 3140 416 3185 uxorem
446 3124 566 3200 fallere,
598 3127 691 3201 rogat
722 3142 794 3186 eam
826 3143 866 3186 ne
897 3143 932 3187 se
956 3129 1050 3201 cogat
1076 3127 1218 3187 dolorem
1241 3105 1391 3186 refricare
1415 3127 1455 3185 de

279 3253 339 3298 sua
369 3238 438 3298 vita
471 3240 648 3313 narrand03
680 3218 805 3314 quoque
836 3241 942 3315 magis
974 3256 1047 3301 eam
1077 3239 1225 3315 precibus
1248 3239 1455 3317 suisreddat

202 3373 203 3376 ¹
279 3352 461 3428 propitiam,
494 3352 532 3412 ab
557 3352 626 3412 eius
649 3353 763 3428 incipit
784 3353 933 3414 laudibus
956 3354 1072 3428 quibus
1095 3354 1179 3428 apud
1203 3368 1315 3413 omnes
1339 3354 1455 3426 gentes

280 3464 335 3524 illa
357 3465 479 3526 floreat.
504 3466 688 3541 Respondet
711 3468 868 3542 Penelope
891 3483 927 3528 se
951 3465 1103 3541 quidquid
1127 3482 1145 3526 a
1168 3469 1285 3526 natura
1304 3465 1455 3526 habuerit

278 3578 354 3637 boni
388 3579 580 3654 iampridem
614 3581 781 3641 amisisse:
817 3581 857 3640 iis
889 3581 976 3641 enim
1007 3596 1043 3640 se
1070 3580 1289 3642 conflictatam
1311 3579 1455 3639 miseriis

279 3691 395 3766 quibus
453 3693 581 3754 animus
627 3710 804 3769 corpusque
849 3695 1047 3770 frangantur.
1097 3693 1182 3768 Quas
1227 3693 1281 3752 ubi
1327 3693 1456 3767 copiose

280 3807 483 3866 enumeravit
517 3809 589 3867 tum
623 3808 759 3882 denique
794 3823 832 3868 ea
865 3808 1031 3882 subiungit
1065 3823 1147 3881 quae
1182 3806 1355 3867 citavimus
1393 3807 1456 3868 boc

278 3921 346 3980 fere
387 3934 503 3980 sensu:
548 3921 625 3996 „sed
666 3920 838 3981 mittamus
876 3921 984 3981 tristia
1020 3921 1077 3981 illa
1111 3924 1143 3982 et
1178 3922 1218 3981 ad
1252 3921 1456 3996 propositum

279 4035 482 4094 redeamus.”

326 4263 388 4322 165
412 4277 459 4336 sq.
484 4261 546 4324 Hic
568 4263 722 4337 Ulysses:

524 4367 546 4436 ὦ
569 4376 659 4456 γύναι
683 4375 782 4455 αἰδοίη
806 4372 981 4456 Λαερτιάδα’
1003 4373 1158 4456 Ὀδυσῆος,

524 4485 615 4550 οὐκέτ’
642 4487 814 4568 ἀπολλήξεις
837 4489 888 4550 τὸν
912 4488 983 4570 ἐμὸν
1006 4491 1097 4571 γόνον
1120 4489 1289 4572 ἓξερέουσα;
