3270 5262
542 1375 797 1486 traua
841 1377 1004 1487 rur.
1052 1306 1054 1311 ’

677 1661 870 1668 ——...—

226 1821 271 1879 40
296 1835 364 1894 sqq.
389 1821 434 1880 Ut
456 1821 523 1880 iam
547 1821 634 1882 abire
654 1822 716 1880 sibi
735 1822 832 1882 liceat
852 1821 990 1896 Ulysses
1010 1821 1183 1881 Alcinoum
1202 1823 1361 1898 precatur,

181 1935 356 2008 additque:

384 2045 444 2125 ἤδη
466 2047 522 2128 γὰρ
545 2047 701 2109 τετέλεσται
724 2048 744 2108 ἅ
766 2071 817 2127 μοι
841 2049 926 2125 φίλος
950 2045 1040 2126 ἤθελε
1062 2048 1172 2126 θυμὸς,

386 2161 490 2240 acuar}
513 2149 661 2239 actalia
685 2163 776 2242 δῶρα,
798 2163 834 2223 τά
858 2185 908 2240 μοι
931 2160 999 2223 θεοὶ
1025 2161 1215 2240 Οὐρανίωνες

297 2279 339 2336 42
386 2274 471 2354 ὄλβια
493 2276 657 2354 ποιήσειαν
682 2275 822 2355 ἀμύμονα
847 2272 873 2336 δ’
901 2277 978 2338 οἴκοι
1002 2274 1115 2336 ἄκοιτιν

386 2391 530 2468 νοστήσας
554 2391 669 2469 εὕροιμι
691 2391 748 2478 airu
772 2389 939 2468 &actuasset
963 2391 1084 2466 φίλοισι.

229 2507 302 2565 Νοο
332 2507 393 2565 hoc
422 2506 655 2580 gravissimum
687 2508 737 2565 est
763 2521 878 2589 versus
902 2507 943 2564 42
968 2507 1086 2566 vitium
1111 2507 1193 2580 quod
1217 2522 1276 2566 suo
1302 2507 1364 2566 sibi

181 2620 204 2676 f
243 2621 333 2678 caret
366 2634 430 2678 vox
465 2618 549 2678 οἴκοι.
581 2620 680 2680 Multo
711 2619 884 2679 dolendum
915 2620 1021 2694 magis
1052 2621 1136 2693 quod
1167 2620 1363 2680 adiectivum

181 2729 327 2808 ἀμύμονα
359 2733 488 2807 irrepsit
518 2733 552 2793 in
582 2734 690 2793 locum
721 2733 873 2793 adiectivi
896 2734 979 2807 quod
1005 2734 1218 2808 „incolumis”
1244 2732 1363 2809 signifi·

182 2848 291 2918 caret;
324 2846 379 2906 iilo
410 2847 499 2906 enim
530 2863 610 2920 opus
642 2848 693 2906 est
722 2849 759 2907 ut
785 2848 872 2908 recte
896 2847 969 2907 addi
991 2848 1095 2922 possit
1118 2846 1174 2906 σὺν
1198 2844 1364 2924 ἀρτεμέεσσι

182 2961 307 3034 φίλοισι.
331 2960 383 3019 An
405 2963 558 3035 putemus
581 2962 736 3036 Ulyssem
761 2961 884 3020 amicos
908 2961 1038 3034 quidem
1058 2961 1237 3022 incolumes
1256 2962 1365 3021 videre

182 3091 312 3150 cupere,
338 3076 376 3135 dc
399 3091 500 3135 uxore
523 3075 604 3135 nihil
628 3075 714 3135 aliud
738 3075 861 3148 precari
885 3090 984 3147 quam
1007 3076 1084 3134 hoc:
1108 3075 1257 3150 „utinam
1275 3075 1363 3134 domi

182 3205 261 3250 eam
287 3189 463 3249 videam'’?
490 3189 577 3248 Nihil
601 3204 676 3262 ergo
699 3188 831 3263 prodest
854 3188 955 3247 Fickii
979 3188 1164 3248 coniectura
1186 3185 1275 3247 ἔνδον
1299 3191 1365 3262 (pro

182 3303 274 3374 οἴκοι)
306 3304 369 3364 nisi
392 3303 491 3363 simul
515 3303 693 3376 corrigatur
716 3298 864 3377 ἀμύμονα.
888 3302 1105 3374 Proponerem
1129 3299 1280 3378 ἀπήμονα,
1302 3301 1366 3360 nisi

182 3419 255 3478 iam
278 3431 327 3476 vs.
353 3417 394 3476 39
419 3417 497 3476 iilud
520 3417 690 3491 legeretur.
