3310 5262
729 643 770 702 93

317 843 374 894 νῦν
399 829 428 894 δ’
456 832 501 893 ὅτε
525 831 562 910 δή
586 829 675 912 μέγας
698 828 756 892 ἐστὶ
779 829 828 891 καὶ
851 831 928 910 ήβής
951 829 1056 913 μέτρον
1079 832 1182 911 ἴκάνει,

317 946 367 1007 καὶ
390 947 428 1026 δή
451 942 477 1025 μ’
503 943 622 1026 &poterut
644 944 734 1005 πάλιν
757 940 886 1023 ἐλθέμεν’
912 943 944 1007 ἐκ
966 944 1103 1028 μεγάροιο

315 1059 432 1138 κτήσιος
455 1057 620 1139 ἀσχαλάαν,
642 1057 696 1136 τήν
717 1059 770 1118 ἔοι
792 1056 967 1120 κατέδουσιν
994 1059 1109 1139 Ἀχαιοί.

210 1177 283 1235 Mire
306 1176 446 1236 dictum:
473 1176 641 1251 „precatur
663 1189 717 1234 me
740 1175 777 1233 ut
799 1190 816 1234 e
837 1175 982 1236 oonolavi
1001 1191 1074 1235 meo
1094 1176 1260 1235 redeam
1281 1176 1332 1245 (ad

169 1291 286 1362 patrem
310 1290 508 1360 nimirum).”
533 1289 642 1350 Aliam
665 1289 776 1348 tamen
800 1289 1099 1364 interpretationem
1123 1290 1221 1349 verba
1243 1289 1332 1348 πάλιν

167 1395 286 1478 aena
313 1419 377 1462 non
400 1403 586 1462 admittunt.

207 1517 268 1576 570
292 1533 360 1591 sqq.
386 1517 423 1576 In
448 1516 561 1576 eodem
585 1513 740 1590 colloquio
765 1531 844 1575 mox
866 1515 947 1576 haec
969 1517 1047 1577 dicit
1070 1517 1245 1591 Penelope:

314 1626 383 1689 dito
407 1626 440 1689 δέ
461 1651 506 1689 τοι
528 1625 632 1707 ἱερέα,
655 1627 692 1688 σὺ
716 1623 746 1687 δ’
773 1625 817 1688 ἐνὶ
840 1626 927 1709 φρεσὶ
949 1628 1054 1708 βάλλεο
1078 1639 1153 1713 σῇσι·

313 1741 365 1820 ήδε
389 1741 426 1820 δή
450 1740 511 1820 ήὼς
534 1736 589 1802 εἶσι
613 1741 798 1820 δυσώνυμος,
822 1741 841 1821 ή
864 1737 890 1821 μ’
919 1721 1063 1822 Ὀδυσῆος

313 1857 420 1917 δοίκου
444 1853 611 1934 ἀποσχήσει·
635 1864 692 1915 νῦν
715 1855 771 1937 γὰρ
794 1856 954 1934 καταθήσω
974 1841 1095 1935 ἅὲθήον,

315 1971 383 2043 τοὺς
407 1968 540 2046 κελὲκυς,
562 1966 617 2028 κτὲ.

202 2087 424 2146 Ferendumne
458 2086 535 2145 illud
572 2081 730 2162 ἀποσχήσει
762 2085 1041 2145 abstrahendi
1072 2090 1328 2150 removendi·

157 2215 234 2272 que
265 2201 385 2258 sensu?
410 2199 471 2258 Sed
498 2199 694 2258 hortamen
717 2197 887 2258 molestius
911 2200 994 2272 quod
1017 2216 1102 2260 nuno
1126 2202 1164 2261 de
1187 2200 1242 2262 illo
1266 2218 1329 2262 oer-

155 2313 280 2372 tamine
300 2312 448 2386 loquitur,
469 2314 639 2384 tamquam
659 2311 697 2370 de
717 2327 751 2370 re
767 2311 822 2371 diu
841 2312 907 2371 iam
932 2313 1101 2390 destinata,
1124 2330 1198 2374 oum
1218 2317 1330 2375 tamen

155 2426 249 2485 initio
272 2425 344 2484 libri
367 2448 390 2500 φ
413 2425 552 2498 legimus
575 2425 636 2483 hoo
660 2425 689 2483 ei
713 2425 882 2502 eonsilium
907 2428 993 2485 tum
1017 2428 1195 2501 primum
1216 2429 1327 2488 Miner-

154 2557 234 2600 vam
269 2541 375 2626 menti
404 2540 567 2599 indidisse.
606 2540 667 2598 Sed
697 2539 856 2600 faciamus
887 2541 953 2612 illio
976 2542 1155 2603 Minervam
1179 2545 1241 2604 diei
1264 2560 1329 2605 non

154 2669 276 2713 novam
307 2654 468 2727 quandam
499 2669 570 2714 rem
601 2653 780 2728 Penelopae
804 2653 970 2731 subiicere,
995 2657 1052 2716 sed
1075 2653 1238 2718 Minervae
1261 2675 1327 2719 mo-

153 2770 227 2828 nitu
261 2766 330 2827 fieri
360 2770 396 2828 ut
426 2768 583 2842 Penelope
610 2783 696 2827 nuno
718 2767 834 2828 statim
858 2770 1055 2842 exsequatur·
1078 2772 1161 2844 quod
1184 2772 1239 2833 diu
1261 2773 1328 2832 iam

152 2882 317 2942 meditata
347 2883 400 2958 sit,
432 2884 543 2942 tamen
567 2897 607 2942 ne
631 2882 678 2943 sio
701 2881 832 2955 quidem
855 2882 962 2942 omnis
984 2883 1088 2943 nostri
1110 2883 1173 2944 looi
1196 2884 1327 2947 difficul-

151 2999 206 3055 tas
241 2997 435 3055 removetur.
471 2995 563 3054 Nunc
598 2994 685 3055 enirn
715 2995 762 3054 ita
795 2993 937 3068 loquitur
968 2995 1134 3073 Penelope,
1160 3000 1253 3072 quasi
1276 3009 1327 3078 τῆς

151 3108 241 3181 τόξου
264 3105 375 3182 θέσεως
395 3107 506 3169 'certus
529 3109 660 3184 quidam
684 3108 752 3168 dies
776 3107 842 3168 fato
865 3106 951 3169 fixus
974 3109 1027 3186 sit,
1052 3112 1107 3185 qui
1134 3127 1208 3172 eum
1234 3131 1326 3176 vene·

152 3224 197 3282 rit
232 3223 307 3299 iam,
344 3223 504 3298 intelligat
538 3223 593 3284 illa
623 3222 722 3296 simul
752 3195 940 3296 nuptiarum
964 3224 1078 3285 adesse
1100 3227 1239 3302 tempus
1266 3231 1327 3291 Sed

152 3338 352 3399 contrarium
382 3352 498 3396 verum
529 3339 588 3398 est.
621 3336 724 3411 Quare
751 3335 881 3410 nuptias
901 3336 1028 3398 differre
1052 3339 1118 3399 iam
1137 3357 1201 3401 non
1224 3345 1327 3417 possit

151 3452 226 3511 fuse
256 3451 376 3526 hospiti
407 3451 556 3527 exposuit
586 3451 760 3526 Penelope:
792 3465 878 3509 nuno
901 3451 963 3510 sibi
985 3452 1046 3512 hoo
1070 3456 1230 3528 agendum
1255 3474 1326 3519 esse

152 3565 244 3625 addit
273 3567 310 3625 ut
340 3565 422 3636 sciat
445 3565 496 3625 cui
517 3565 637 3625 nubere
660 3564 784 3626 debeat.
813 3561 1010 3639 Quapropter
1032 3567 1117 3627 haud
1141 3569 1247 3645 inepte
1272 3573 1325 3631 ali-

152 3677 227 3751 quis
250 3677 303 3736 hio
325 3677 496 3753 legendum
523 3693 595 3738 esse
618 3681 727 3754 putet:
752 3683 810 3736 νῦν
833 3666 889 3736 οὖν
912 3660 1217 3756 καταθήσωδέεθλον.
