3270 5262
762 603 802 661 55

190 804 287 848 canes
312 789 360 847 ilti
384 789 518 847 domum
541 789 682 847 servant.
709 788 742 846 Si
765 803 841 846 vero
866 789 898 847 et
922 787 1084 847 Eumaeus
1108 788 1140 846 et
1163 787 1210 846 illi
1231 788 1367 860 quatuor

189 904 260 962 eius
283 903 429 962 ministri
452 903 584 977 pastum
608 902 762 961 ducentes
786 917 862 960 sues
886 901 985 961 etiam
1007 917 1112 976 canes,
1134 901 1181 960 ita
1199 902 1236 960 ut
1256 901 1367 960 ovium

188 1019 350 1090 pastores
397 1032 509 1076 secum
554 1016 671 1076 habere
719 1015 973 1090 consuevissent,
1021 1031 1085 1075 non
1132 1017 1269 1088 quatuor
1310 1016 1367 1074 sed

188 1129 332 1204 quinque
368 1130 500 1189 canibus
534 1144 614 1203 opus
648 1129 774 1189 fuisset.
811 1129 892 1204 Quid
926 1129 1010 1202 quod
1041 1131 1210 1203 pastorum
1241 1144 1367 1203 quoque

188 1245 393 1304 enumeratio
425 1249 484 1314 (vs,
517 1245 658 1314 26-28)
687 1243 875 1304 recentioris
907 1258 979 1302 esse
1003 1244 1117 1318 poetae
1139 1243 1277 1302 videtur.
1302 1241 1367 1301 Pri·

188 1375 293 1434 mum,
327 1359 359 1417 id
390 1358 473 1431 quod
500 1373 559 1417 vos
582 1372 708 1430 quoque
731 1357 817 1416 male
841 1357 947 1432 habet,
972 1356 1175 1430 ineptissime
1199 1357 1316 1416 dicitur
1340 1355 1370 1414 ot

187 1466 221 1530 δὲ
253 1469 291 1548 δὴ
323 1468 454 1530 ditor...
487 1469 518 1529 οἱ
544 1474 627 1549 τρεῖς.
658 1468 779 1529 Deinde
810 1485 971 1543 nusquam
1003 1471 1079 1529 alibi
1103 1471 1210 1529 certus
1233 1469 1369 1530 Eumaei

186 1588 359 1660 pastorum
400 1600 556 1644 numerus
594 1582 794 1658 significatur
829 1584 1066 1653 (tantummodo
1102 1579 1202 1661 ἀνέρες
1237 1581 1370 1662 ὑφορβοί

186 1701 341 1759 dicuntur
353 1699 404 1759 vel
417 1697 448 1758 οἱ
457 1694 549 1768 ἄλλοι)
558 1714 622 1757 uno
632 1699 767 1772 excepto
776 1698 846 1757 loco
856 1698 1064 1766 (434-436).
1075 1697 1136 1756 Sed
1144 1697 1252 1757 videte
1261 1697 1369 1757 verbis

969 1805 1007 1866 άν
1031 1805 1063 1868 δὲ
1085 1807 1219 1885 συβώτης

369 1925 465 1985 ἵστατο
490 1925 678 2005 δαιτρεύσων·
701 1922 768 2004 περὶ
791 1922 846 2004 γάρ
871 1921 975 2002 φρεσὶν
999 1918 1085 2000 αἴσιμ’
1112 1921 1220 1984 ἕάείδει

185 2059 290 2116 quam
313 2042 463 2116 languide
487 2043 584 2114 atque
608 2041 716 2114 inepte
740 2040 892 2100 addatur:

369 2153 419 2213 καὶ
441 2151 477 2212 τδι
500 2149 553 2230 μὲν
577 2151 686 2231 ἕπταχα
710 2153 806 2211 πάντα
831 2153 997 2231 διεμοιρᾶτο
1022 2152 1139 2224 δαΐζων·

369 2267 423 2346 τὴν
447 2264 500 2346 μὲν
524 2267 573 2326 ἴαν
597 2268 733 2351 νύμφῃσι
756 2264 806 2325 καὶ
824 2261 921 2350 Ἑρμῇ
942 2267 1084 2339 Μαιάδος
1109 2260 1152 2327 υἷι

367 2378 475 2460 ’θῆκεν
500 2379 706 2459 ἐπευξάμενος,
728 2378 779 2452 τάς
803 2375 833 2440 δ’
859 2377 948 2453 άλλας
967 2375 1061 2460 ’νεῖμε
1083 2381 1226 2467 άεκάστω.

238 2497 357 2559 Omnia
380 2498 460 2556 haec
483 2496 613 2570 sapiunt
636 2495 901 2569 interpolatorem
924 2496 1097 2572 novicium,
1123 2512 1221 2570 quare
1245 2498 1368 2557 nullam

187 2613 244 2672 hic
277 2612 476 2686 probandam
508 2625 623 2670 censeo
654 2610 916 2670 emendationem
947 2625 1010 2683 qua
1039 2625 1096 2684 pro
1122 2603 1219 2694 Ἑρμῇ
1243 2611 1370 2671 sincera

186 2727 298 2786 forma
316 2719 437 2807 Ἑρμείᾳ
462 2725 669 2785 restituatur:
695 2725 765 2798 ipsa
785 2723 841 2783 illa
859 2723 1030 2783 falsarium
1050 2724 1164 2798 arguit.
1185 2723 1236 2784 Ab
1256 2726 1370 2786 eodem

189 2840 305 2900 addita
329 2839 421 2899 credo
446 2839 526 2898 ista:

372 2951 403 3011 οἱ
422 2956 505 3030 τρεῖς·
529 2949 580 3010 τὸν
605 2946 637 3011 δὲ
659 2947 795 3029 τέταρτον
819 2947 1007 3029 ἀποπροέηκε
1029 2948 1150 3010 πόλινδε

373 3073 429 3124 σῦν
452 3061 559 3145 άμὲμεν
582 3072 763 3143 μνηστῆρσιν
787 3061 1014 3141 ύπερφίαλοισιν
1038 3060 1162 3148 ἀνάγκη,

372 3173 435 3256 ὄφρ’
463 3177 643 3256 ἱερεύσαντες
667 3177 782 3257 κρεάων
805 3176 976 3256 κορεσαίατο
1000 3177 1110 3254 θυμύν.

239 3294 432 3368 Supervenit
473 3294 554 3354 alter
589 3293 643 3367 qui
677 3293 716 3351 de
751 3307 869 3353 canum
903 3307 1028 3367 quoque
1063 3308 1198 3353 numero
1233 3295 1370 3356 lectores

189 3409 347 3470 certiores
370 3409 500 3483 faceret,
526 3408 583 3468 sed
606 3408 685 3467 dum
707 3407 877 3466 accuratus
902 3421 973 3465 esse
997 3406 1122 3466 studuit
1145 3407 1178 3466 in
1198 3407 1371 3470 ridiculum

189 3521 481 3582 imffimmm

241 3747 359 3807 Statim
383 3748 529 3822 sequitur
551 3764 600 3808 vs.
626 3748 668 3806 29
693 3761 780 3821 squ:

371 3858 511 3940 ἐξαπίνης
536 3856 566 3920 δ’
589 3854 709 3938 Ὀδυσῆ’
736 3858 840 3919 ἔδιδον
862 3859 951 3932 κύνες
973 3859 1170 3942 ύλακόμωροι.

285 3976 326 4034 30
372 3975 402 4034 οἳ
423 3970 477 4052 μὲν
499 3979 676 4056 κεκληγῶτες
700 3971 875 4052 ἐπέδραμον·
901 3971 995 4054 αύτδιρ
1011 3971 1170 4048 Ὀδυσσεύς

373 4085 447 4161 ἕζετο
471 4090 647 4174 κερδοσύνη,
670 4097 819 4167 σκῆπτρον
844 4085 876 4148 δέ
897 4073 951 4148 sor
974 4088 1075 4149 ἔκπεσε
1097 4089 1201 4168 χειρός.

373 4200 449 4262 ἔνθα
471 4225 503 4263 κε
525 4205 572 4288 ἑῷ
595 4200 655 4282 πδιρ
679 4206 802 4284 σταθμῷ
826 4197 993 4262 διάεικέλιον
1012 4197 1124 4262 ’πάθεν
1147 4198 1245 4282 άλγος,

373 4313 445 4376 ἀλλὰ
469 4317 603 4397 συβώτης
627 4307 690 4375 ὦκα
712 4312 782 4375 ποσὶ
804 4320 975 4395 κραιπνοῖσι
998 4313 1152 4394 μετασπὼν

373 4425 464 4492 ἔσσυτ’
491 4430 548 4492 άνά
570 4429 739 4510 πρόθυρον,
761 4437 866 4504 σκῦτος
891 4426 923 4488 δέ
944 4431 996 4489 foc
1019 4428 1120 4504 ἔκπεσε
1142 4431 1246 4509 χειρός.
