3270 5262
538 1741 800 1852 uranu
849 1743 981 1851 nn.
1067 1701 1073 1720 ’

223 2188 267 2244 25
294 2200 364 2257 sqq.
389 2185 494 2244 Verba
518 2184 624 2245 Circes
645 2185 684 2243 ad
707 2185 862 2258 Ulyssem
886 2185 966 2243 haec
989 2187 1082 2244 sunt:

609 2296 664 2376 ἐγὼ
688 2298 772 2371 δείξω
797 2294 869 2357 ὁδὸν
893 2294 945 2375 ἠδὲ
967 2295 1097 2358 Ῐὲκαστα

404 2409 552 2488 σημανέω,
574 2411 623 2470 ἴνα
647 2411 687 2489 μή
711 2435 736 2470 τι
758 2411 946 2496 κακορραφίῃ
969 2410 1102 2495 ἀλεγεινῇ

402 2521 421 2604 ἢ
446 2521 515 2595 ἁλὸς
537 2521 557 2602 ἢ
581 2522 628 2584 ἐπὶ
651 2534 705 2604 γῆς
729 2523 866 2604 ἀλγήσετε
889 2532 973 2602 πῆμα
995 2524 1153 2596 παθόντες.

222 2640 277 2698 Sic
309 2639 451 2713 codices3
483 2655 542 2698 vos
574 2639 845 2714 praepositionem
876 2635 926 2696 ἐπί
954 2639 1084 2698 insolito
1116 2639 1185 2698 ioco
1212 2639 1352 2711 positam

173 2769 242 2812 non
278 2754 419 2813 ferentes
453 2754 553 2812 Fickii
589 2755 807 2813 coniecturam
842 2748 861 2828 ἢ
896 2747 965 2822 ἁλὸς
1000 2748 1019 2828 ἢ
1053 2749 1139 2829 γαίης
1174 2753 1351 2825 recepistis.

174 2867 256 2926 Mihi
300 2868 410 2927 omnia
450 2868 581 2927 ferenda
623 2867 729 2941 potius
764 2867 914 2925 videntur
949 2881 1046 2938 quam
1081 2865 1353 2939 praepositionem

174 2980 357 3039 deleamus
379 2980 459 3054 Quid
479 2981 566 3040 enim
586 2976 605 3057 ti
625 2977 694 3049 ἁλὸς
714 2976 733 3057 ἢ
753 2986 806 3058 γῆς
826 2978 1043 3053 significabit?
1064 2979 1114 3038 An
1135 2980 1353 3064 ακακορραφίῃ

175 3096 225 3153 ilii
262 3095 399 3168 genitivi
432 3095 638 3169 pendebunt?
673 3094 716 3152 At
751 3093 949 3170 κακορραφίαι
981 3109 1044 3152 non
1076 3094 1176 3168 maris
1206 3096 1353 3153 terraeve

175 3209 257 3267 sunt
292 3208 348 3266 sed
382 3208 552 3266 hominum
587 3210 771 3268 deorumve.
807 3208 928 3266 Deinde
959 3207 1137 3266 ievtuscuta
1168 3209 1353 3281 corrigendo

176 3321 331 3380 morituri
354 3322 522 3380 reduviam
546 3337 657 3381 curare
679 3321 869 3395 videbimur,
894 3323 983 3380 totus
1002 3321 1092 3380 locus
1113 3335 1186 3380 oum
1206 3321 1250 3379 sit
1268 3322 1353 3395 inep-

175 3436 301 3495 tiarum
331 3434 454 3508 plenus
488 3434 568 3508 Quid
596 3436 683 3495 enim
709 3433 766 3494 fiet
785 3435 849 3493 nisi
872 3435 1002 3508 Ulyssis
1026 3433 1198 3494 comitibus
1222 3449 1241 3492 a
1264 3432 1353 3494 Circe

178 3549 233 3608 via
265 3550 448 3608 monstrata
479 3551 512 3608 et
543 3551 653 3608 omnia
683 3547 865 3623 significata
896 3550 1014 3607 erunt?
1045 3549 1094 3607 Ad
1118 3563 1220 3606 unum
1240 3564 1353 3607 omnes

175 3662 358 3721 interibunt
383 3664 439 3722 aut
463 3663 612 3722 Sirenum
635 3664 754 3737 praeda
776 3663 854 3722 faeti
878 3665 934 3721 aut
954 3662 1114 3735 Charybdi
1133 3662 1278 3722 devorati
1298 3665 1355 3723 aut

176 3776 264 3834 Solis
299 3790 397 3835 causa
428 3791 447 3835 a
478 3777 527 3835 dis
558 3776 797 3835 immortalibus
827 3776 1038 3848 pessumdati.
1071 3776 1237 3840 Eiusmodi
1267 3777 1354 3835 maia

175 3890 218 3947 iis
255 3887 436 3962 significare
466 3889 574 3949 verbis
605 3905 686 3964 quae
717 3890 770 3948 hio
799 3889 951 3963 teguntur
981 3889 1115 3949 ridicula
1146 3891 1195 3948 est
1225 3889 1352 3949 tenitas

176 4002 302 4061 Deinde
333 4003 410 4062 iilud
437 4003 624 4086 κακορραφίῃ
648 3999 782 4086 ἀλεγεινῇ
806 4004 845 4062 ad
870 4003 999 4062 Sirenas
1023 4004 1259 4076 quodammodo
1283 4019 1353 4063 con-

177 4116 280 4190 venit,
306 4132 387 4189 quae
409 4117 527 4176 blanda
549 4133 628 4177 voce
652 4118 844 4191 navigantes
869 4118 909 4176 ad
933 4133 968 4175 se
992 4117 1146 4190 alliciunt,
1172 4119 1229 4177 sed
1252 4134 1354 4191 neque

177 4229 342 4302 Charybdi
361 4233 437 4304 apta
456 4232 533 4290 sunt
553 4247 591 4290 ea
610 4231 775 4306 vocabula,
795 4246 876 4304 quae
888 4233 1005 4290 natura
1017 4247 1077 4290 sua
1090 4231 1199 4290 omnia
1212 4233 1352 4306 devorat,

179 4357 285 4414 neque
316 4344 389 4419 Soli,
422 4345 476 4417 qui
508 4361 628 4418 poenas
661 4345 763 4404 iustas
792 4348 982 4419 sumpturus
1006 4348 1056 4403 est
1079 4361 1274 4419 permagnae
1297 4347 1354 4405 irn-

180 4456 322 4528 pietatis.
355 4457 515 4516 Haeccine
547 4475 621 4531 ergo
654 4459 763 4516 omnia
794 4459 888 4530 aequi
920 4459 1055 4530 bonique
1080 4461 1296 4534 consulamus
1323 4461 1355 4517 in

1262 4567 1275 4608 4
