3270 5262
744 672 784 730 37

168 857 306 917 ludibrio
337 859 436 919 habet
466 860 625 934 Euryalus
657 862 690 920 et
723 877 806 934 „non
838 861 938 921 miror
969 865 1002 922 te
1031 864 1199 923 nobiscum
1225 868 1347 924 certare

167 970 270 1044 nolle3
298 987 364 1032 non
388 973 475 1033 enim
498 974 617 1034 similis
641 990 676 1034 es
700 975 769 1035 viro
793 975 827 1033 in
851 977 1083 1037 certaminibus
1107 979 1269 1038 versato.’'

395 1083 468 1146 ἀλλὰ
490 1096 540 1170 τῷ,
563 1085 595 1158 ὅς
618 1081 647 1145 θ’
675 1085 736 1164 ἅμα
759 1085 810 1164 νηὶ
833 1089 1009 1166 πολυκλήιδι
1031 1089 1177 1167 θαμίζων,

396 1196 483 1278 ἀρχὸς
506 1198 646 1261 ναυτάων
669 1199 704 1260 οἷ’
720 1222 750 1260 τε
773 1209 938 1279 πρηκτῆρες
962 1200 1040 1280 ἔωσι,

396 1311 509 1393 φόρτον
532 1334 562 1373 τε
585 1312 710 1391 μνήμων
734 1311 784 1374 καλ
808 1311 968 1387 ἐπίσκοπος
992 1309 1066 1376 εἶσιν
1090 1313 1201 1377 ὁδαίων

395 1423 522 1505 κερδέων
545 1420 576 1486 θ’
602 1423 765 1504 ἁρπαλέων.

208 1542 345 1601 Sanane
379 1542 458 1600 haec
492 1541 639 1615 putatis?
669 1541 747 1599 Mihi
775 1541 1020 1615 corruptissima
1052 1544 1211 1604 videntur.
1246 1545 1346 1620 Quan-

162 1657 277 1730 topere
310 1655 399 1714 enim
429 1655 584 1729 impedita
614 1655 715 1714 totius
739 1655 921 1714 sententiae
944 1657 1109 1716 structura
1132 1657 1283 1718 abhorret
1306 1659 1345 1718 ab

161 1769 245 1842 epici
267 1768 432 1828 sermonis
451 1768 670 1842 simplicitate.
691 1768 754 1827 Ubi
774 1770 825 1827 est
844 1770 1044 1843 pronominis
1058 1769 1089 1841 ὅς
1101 1772 1347 1845 praedicatum?

162 1883 214 1942 An
247 1883 285 1941 in
318 1874 392 1941 εἶσιν
422 1883 516 1957 inest,
549 1884 586 1940 ut
616 1883 797 1941 sententiae
829 1882 984 1942 relativae
1011 1884 1153 1960 verbum,
1178 1885 1349 1945 interiecta

158 1996 225 2055 alia
271 1996 438 2055 sententia
471 1995 617 2072 relativa,
653 1997 720 2055 tres
754 1996 821 2055 fere
856 2011 971 2055 versus
1006 1997 1091 2056 absit
1125 2014 1144 2057 a
1179 1999 1349 2059 subiecto?

159 2109 244 2184 Quid
271 2109 387 2169 deinde
411 2110 462 2169 est
485 2108 622 2185 θαμίζειν
644 2106 705 2185 ἅμα
725 2109 799 2184 uqi?
818 2109 902 2168 Nam
923 2110 1030 2183 ipsum
1051 2108 1188 2186 θαμίζειν
1208 2110 1347 2170 verbum

158 2222 348 2298 significat:
376 2225 579 2298 „frequenter
603 2223 709 2297 aliquo
729 2225 872 2283 venire.”
895 2224 956 2284 Sed
976 2225 1172 2284 omniafere
1192 2225 1350 2285 vocabula

34 2317 35 2346 ¹
157 2341 216 2398 aut·
263 2338 498 2397 obscurissima
533 2341 611 2398 sunt
645 2340 702 2398 aut
735 2338 950 2412 ineptissima.
988 2338 1186 2413 Quapropter
1222 2338 1347 2399 nullam

156 2467 308 2526 propono
340 2452 601 2512 emendationem
631 2452 688 2511 sed
715 2467 818 2527 pauca
842 2452 1001 2525 quaedam
1025 2467 1125 2526 eaque
1149 2452 1348 2528 gravissima

157 2567 247 2626 vitia
274 2566 437 2626 indicasse
460 2569 513 2626 sat
535 2566 648 2626 habeo,

253 2795 321 2854 208
368 2794 461 2866 ξεῖνος
483 2793 539 2873 γάρ
563 2816 613 2872 μοι
637 2790 685 2854 ὅδ’
712 2793 779 2854 έστι·
802 2794 846 2867 τίς
869 2791 908 2853 διν
932 2791 1062 2872 φιλέοντι
1086 2792 1223 2872 μάχοιτο;

199 2910 297 2968 Haec
322 2924 381 2968 vos
406 2909 454 2968 sic
477 2907 636 2984 refingitis

368 3022 462 3094 ξεῖνος
486 3022 541 3102 γάρ
566 3043 616 3099 μοι
640 3021 698 3083 ὅδε·
723 3021 765 3094 τίς
788 3045 840 3082 κεν
863 3021 995 3099 φιλέοντι
1020 3022 1157 3101 μάχοιτο;

155 3137 290 3197 scilicet
319 3138 357 3195 ut
386 3137 544 3211 particula
575 3135 612 3194 ι’λν
643 3138 778 3198 tollatur
809 3138 941 3211 eiusque
972 3137 1080 3197 locum
1111 3157 1163 3195 κεν
1188 3152 1344 3211 occupare

156 3251 277 3325 possit.
302 3250 363 3309 Sed
383 3251 457 3324 quid
476 3252 607 3324 prodest
625 3250 832 3311 levissimum
852 3250 980 3324 aliquod
1000 3266 1167 3310 removere
1187 3251 1344 3311 mendum

157 3380 237 3424 curn
264 3364 336 3423 tota
356 3365 467 3440 oratio,
488 3381 551 3438 qua
570 3365 708 3438 Ulysses
728 3365 824 3424 victis
844 3365 877 3423 in
897 3366 977 3425 disci
997 3364 1174 3424 certamine
1194 3364 1346 3424 omnibus

157 3479 435 3554 PhaeacensibuS‚
468 3480 698 3553 gloriabundus
732 3480 965 3539 admirantium
1000 3478 1131 3538 turbam
1161 3478 1345 3555 alloquitur,

157 3594 260 3668 plena
284 3594 330 3652 sit
352 3593 572 3668 ineptiarum?
595 3594 682 3653 Nihil
704 3594 835 3654 veroin
856 3593 911 3652 illa
930 3593 1040 3652 minus
1060 3592 1229 3651 ferendum
1249 3609 1349 3666 quarn

160 3723 325 3768 versuum
348 3708 403 3780 qui
426 3709 541 3768 statim
564 3710 745 3782 sequuntur

348 3816 453 3901 δίφρων
477 3819 514 3898 δὴ
539 3819 636 3892 κεῖνός
659 3842 692 3901 με
714 3818 764 3880 καλ
788 3817 945 3889 οὐτιδανὸς
968 3813 1062 3879 πέλετ’
1090 3816 1177 3898 ἀνὴρ,

348 3933 380 4006 ὅς
403 3957 446 4007 τις
468 3933 628 4020 ξεινοδόκῳ
652 3933 735 4015 ἔριδα
758 3930 943 4015 προφέρηται
967 3928 1086 3992 ἀέθλων

347 4046 431 4133 δήμρι
450 4045 487 4108 ’ἓν
510 4045 679 4132 ἀλλοδαπῷ·
703 4045 757 4108 feo
782 4042 811 4107 δ’
838 4041 932 4107 αὐτοῦ
956 4045 1053 4104 πάντα
1076 4046 1195 4105 κολούει

158 4162 371 4221 abundantia.
394 4162 471 4222 Mihi
491 4163 620 4238 credite,
635 4162 726 4222 illam
739 4163 920 4222 orationem
933 4161 987 4234 qui
1000 4160 1092 4220 iratis
1105 4159 1346 4221 consarcinavit

158 4275 274 4350 Musis,
299 4275 532 4349 particularum
556 4296 588 4360 κε
609 4277 642 4337 et
662 4272 700 4335 ἅν
718 4278 793 4337 utra
812 4273 974 4348 antiquior
994 4275 1081 4334 esset
1100 4287 1204 4348 neque
1224 4273 1349 4334 sciebat

159 4403 268 4466 neque
294 4389 437 4450 curabat.

641 4563 884 4576 m—-p
