3270 5262
838 685 879 748 52

279 875 535 937 removebam'’?
564 874 685 934 Parum
714 873 892 933 verisimile
918 873 979 934 hoc
1003 875 1137 950 videtur,
1162 888 1237 933 curn
1260 871 1453 947 praesertim

281 987 309 1062 ἐς
340 997 400 1067 νῆα
430 989 600 1065 praecedat
632 990 664 1048 et
683 981 751 1064 μεθ’
787 984 919 1066 ἑταίρους
942 990 1105 1062 sequatur.
1130 987 1340 1061 Participium
1363 986 1452 1045 enim

281 1104 394 1164 aoristi
417 1101 601 1178 σκεψάμενος
625 1100 687 1160 dici
710 1102 937 1160 tantummodo
960 1104 1068 1176 potest
1091 1101 1129 1160 de
1150 1117 1188 1161 ea
1207 1116 1241 1160 re
1261 1114 1359 1173 quam
1379 1099 1452 1173 quis

280 1234 344 1278 une
368 1217 524 1291 temporis
547 1215 714 1275 momento
738 1215 843 1275 facere
867 1215 987 1290 incipit,
1013 1215 1139 1275 nonde
1163 1229 1201 1274 ea
1224 1229 1323 1287 quam
1345 1213 1452 1272 iacere

280 1331 393 1405 pergit.
425 1329 483 1389 Est
510 1344 584 1402 ergo
609 1326 793 1403 σκεψάμενος
818 1321 846 1387 d’
873 1325 902 1399 ἐς
926 1335 984 1404 νῆα
1007 1327 1105 1406 dode:
1133 1328 1253 1404 „oculis
1277 1329 1310 1387 in
1332 1343 1452 1386 navem

281 1443 473 1504 coniectls”:
506 1444 540 1501 at
570 1457 634 1501 non
665 1441 794 1501 simul
822 1439 903 1518 (ipa)
926 1441 1064 1516 Ulysses
1087 1443 1120 1502 et
1143 1443 1237 1502 sedes
1260 1440 1376 1516 aspicit
1398 1440 1453 1499 ubi

280 1557 392 1616 miseri
423 1555 469 1614 illi
500 1555 652 1614 sederant
683 1556 715 1613 et
746 1553 834 1628 ipsos
864 1569 881 1613 e
913 1555 1038 1629 Scyllae
1061 1557 1145 1615 rictu
1168 1555 1363 1629 pendentes„
1379 1555 1452 1613 For-

279 1673 368 1730 tasse
392 1670 424 1727 in
449 1667 508 1745 ἅμα
534 1667 587 1727 καί
608 1668 681 1727 vitii
703 1669 784 1728 latet
807 1668 937 1743 aliquid.

325 1895 387 1954 289
427 1909 474 1966 sq.
506 1892 618 1967 Ulyssi
649 1893 696 1953 sic
727 1896 920 1968 persuadere
951 1897 1085 1955 conatur
1115 1895 1315 1968 Eurylochus
1345 1897 1381 1953 ut
1412 1895 1454 1954 ad

280 2008 363 2067 Sulis
394 2008 535 2066 insulam
567 2007 723 2081 appellat:
759 2008 845 2081 „iarn
875 2009 977 2068 instat
1008 2025 1090 2069 nox:
1126 2009 1285 2082 quomodo
1313 2009 1454 2083 effugere

262 2122 442 2196 possimus
473 2121 614 2179 mortem
646 2120 674 2179 si
704 2136 761 2194 per
790 2121 941 2181 tenebras
972 2123 1200 2197 navigantibus
1230 2124 1323 2183 nobis
1346 2123 1454 2182 subito

278 2237 399 2295 oriatur
422 2233 605 2307 procella?”

479 2342 499 2423 ἢ
523 2345 624 2405 Νότου
648 2342 667 2425 ἢ
693 2347 842 2426 Ζεφύροιο
866 2347 1007 2422 δυσαέος;
1030 2349 1109 2409 οἵτε
1133 2349 1256 2428 μάλιστα

480 2466 539 2535 νῆα
564 2457 759 2537 διαρραίουσι,
782 2465 864 2520 θεῶν
888 2459 1011 2540 &faunu
1032 2462 1208 2536 surdarum

327 2573 458 2648 Spurios
481 2571 579 2630 hosce
598 2587 713 2632 versus
734 2590 858 2635 censeo,
880 2576 957 2650 Quis
978 2577 1064 2636 enirn
1084 2595 1227 2652 unquam
1247 2579 1320 2638 illos
1338 2581 1456 2639 ventos

281 2688 397 2747 ceteris
421 2685 571 2745 omnibus
595 2688 701 2761 magis
725 2689 881 2750 exitiosos
905 2691 1042 2750 navibus
1063 2693 1213 2752 audivit?
1236 2694 1276 2753 Et
1299 2694 1457 2753 vocabula

279 2808 360 2861 θεῶν
396 2797 518 2876 aaran
552 2799 712 2860 favaim
747 2818 880 2862 versum
915 2805 1045 2878 quidem
1080 2807 1216 2881 implent
1249 2808 1306 2867 sed
1337 2823 1456 2867 sanum

281 2933 345 2977 non
364 2915 519 2990 praebent
541 2929 685 2975 sensum.
706 2916 787 2976 Prae
800 2918 916 2977 ceteris
927 2934 1004 2978 vero
1018 2919 1104 2979 istud
1115 2919 1273 2979 ἱανάκιων
1286 2921 1457 2980 falsarium

280 3031 394 3106 prodit,
432 3028 496 3103 qui,
537 3027 711 3089 dummodo
750 3029 856 3090 iustus
887 3032 1016 3092 adesset
1055 3034 1254 3106 syllabarum
1290 3050 1456 3112 numeruS,

280 3146 446 3220 praeterea
470 3141 631 3201 curaverit
655 3144 744 3204 nihil.
1323 3127 1325 3132 ’
