3310 5262
768 614 829 672 103

198 801 341 862 brevem
363 802 516 875 quietem)
536 800 760 875 Eurymachus
779 815 880 859 manu
899 800 1051 859 versabat
1072 801 1215 860 arcum.'’
1229 801 1275 860 De
1287 801 1383 875 signi-

198 912 358 974 ficatione
382 915 492 973 autem
515 913 746 973 vocabulorum
770 909 987 989 ἤδη...ἐνώμα
1007 929 1047 972 ne
1066 913 1235 972 levissima
1257 913 1388 987 quidem

199 1042 280 1086 esse
305 1027 413 1101 potest
436 1025 610 1085 dubitatio:
634 1027 804 1085 recurrunt
827 1025 915 1084 enirn
939 1041 987 1085 vs
1014 1027 1096 1085 393:
1122 1027 1309 1102 Philoetius,
1333 1028 1386 1100 qui

198 1140 243 1198 ad
281 1140 398 1198 ianuas
432 1138 626 1198 claudendas
662 1139 795 1213 exierat,
831 1138 915 1197 redit
949 1140 1045 1212 atque
1080 1153 1138 1198 suo
1171 1139 1287 1199 assidit
1318 1138 1387 1199 loco

198 1256 311 1316 oculis
335 1253 368 1312 in
391 1252 547 1326 Ulyssem
571 1252 754 1325 conversis;
780 1252 946 1325 sequitur:
972 1248 986 1310 ὁ
1012 1247 1042 1311 δ’
1070 1249 1128 1330 ἤδη
1151 1251 1237 1324 τόξον
1258 1251 1365 1329 ἐνώμα.

251 1478 318 1538 257
344 1492 413 1550 sqq.
447 1476 690 1550 Eurymachum
724 1475 855 1535 tristem
890 1477 975 1548 quod
1010 1492 1122 1536 arcum
1158 1474 1289 1535 tendere
1324 1490 1388 1535 non

200 1591 314 1665 possit
333 1591 598 1662 metuentemque
618 1589 789 1648 hominum
802 1604 949 1648 rumores
962 1589 1010 1649 sic
1023 1590 1196 1663 alloquitur
1208 1589 1386 1649 Antinous:

389 1696 556 1780 Εὐρύμαχ’,
580 1700 634 1779 οὐχ
657 1699 751 1772 οὕτως
774 1698 861 1760 ἔσται·
886 1700 978 1774 νοέεις
1003 1698 1035 1762 δὲ
1057 1699 1107 1761 καὶ
1130 1700 1228 1774 αὐτός.

387 1823 445 1874 νῦν
469 1809 601 1894 μὲνγὰρ
625 1811 699 1874 κατὰ
723 1814 819 1893 δῆμον
843 1811 928 1893 ἑορτὴ
951 1819 1014 1875 τοῖο
1036 1819 1121 1875 θεοῖο

387 1924 473 2008 ἁγνή.
496 1927 539 2000 τίς
564 1925 596 1988 δέ
620 1949 651 1987 κε
675 1926 743 2000 τόξα
767 1922 932 2001 τιταίνοιτ’;
955 1926 1029 1988 ἀλλὰ
1049 1927 1172 2006 illator

301 2043 364 2104 260
388 2035 514 2101 κάτθετ’.
537 2038 610 2121 ἀτὰρ
634 2038 757 2114 asiduus
779 2063 812 2121 γε
835 2039 885 2101 καὶ
909 2041 939 2102 εἴ
957 2037 979 2101 κ’
1007 2039 1120 2119 ἕάωμεν
1143 2041 1275 2115 ἅπαντας

387 2149 515 2232 ἑστάμεν
543 2153 579 2215 cr’r
604 2150 658 2231 μὲν
681 2153 737 2235 γάρ
760 2150 811 2214 τιν’
840 2153 1058 2236 ἀναιρήσεσθαι
1082 2152 1134 2216 ὀίω

388 2263 501 2328 ἐλθόντ’
527 2265 557 2340 ἐς
579 2264 709 2348 μέγαρον
733 2263 910 2346 Λαερτιάὸοἶ
933 2263 1086 2348 Ὀδυσῆος.

252 2384 358 2444 Huius
400 2382 630 2444 admonitionis
669 2399 750 2456 quae
785 2384 829 2443 sit
863 2385 945 2443 ratio
981 2399 1045 2444 non
1079 2385 1174 2458 plane
1210 2387 1384 2460 perspicio:

205 2501 321 2560 auctor
346 2500 396 2558 est
419 2497 581 2557 Antinous
604 2499 649 2572 ut,
676 2513 751 2556 cum
775 2497 843 2557 dies
866 2498 971 2557 festus
994 2499 1047 2573 sit,
1073 2500 1181 2573 gravis
1206 2501 1268 2559 iste
1292 2516 1386 2560 arcus

205 2613 362 2674 tendendi
385 2612 474 2670 labor
497 2611 649 2670 mittatur
672 2611 756 2670 iam:
781 2612 842 2670 hoc
865 2611 1020 2685 intelligo,
1043 2613 1104 2671 Sed
1124 2613 1200 2685 quid
1219 2611 1272 2690 οὐχ
1293 2613 1386 2684 οὕτως

205 2726 311 2786 ἔσται’.)
342 2727 479 2785 Dixerat
513 2725 601 2784 enim
634 2725 875 2798 Eurymachus:
921 2726 1044 2800 „turpis
1078 2726 1117 2785 de
1151 2727 1243 2786 nobis
1277 2727 1386 2786 fabula

206 2843 270 2901 erit
294 2840 378 2914 apud
401 2838 579 2912 posteros.”
605 2837 672 2912 Quo
693 2839 761 2898 iure
785 2839 815 2897 ei
838 2839 999 2898 Antinous
1019 2839 1207 2913 respondet:
1235 2856 1319 2916 „non
1339 2840 1386 2899 ita

206 2971 260 3015 res
292 2970 327 3014 se
358 2952 504 3026 habebit3
536 2951 589 3010 vel
619 2954 656 3010 tu
679 2953 740 3011 hoc
764 2952 943 3026 intelligere
967 2953 1110 3012 debes''?
1136 2954 1187 3012 An
1211 2955 1286 3027 quia
1309 2957 1386 3013 sunt

205 3069 307 3128 feriae
342 3067 415 3126 dei?
452 3064 533 3139 Quid
564 3065 616 3124 his
652 3081 726 3125 cum
761 3065 931 3124 hominum
965 3067 1173 3126 rumoribus?
1203 3069 1302 3127 Recte
1334 3068 1385 3127 his

206 3181 316 3241 verbis
345 3178 571 3253 Eurymachus
602 3178 889 3252 reprehenderetur
920 3179 948 3238 si
980 3179 1027 3239 sic
1058 3181 1195 3240 comites
1226 3180 1386 3241 allocutus

207 3295 313 3354 esset:
349 3292 543 3367 „agitedum
575 3307 644 3367 vos,
677 3292 731 3365 qui
758 3293 915 3351 hactenus
939 3293 1035 3352 otiosi
1058 3293 1239 3370 desedistis
1263 3295 1386 3368 surgite

209 3409 242 3467 et
265 3407 445 3466 instaurate
470 3406 644 3481 certamen,
670 3405 721 3464 cui
742 3421 821 3465 mox
841 3417 899 3479 ego
919 3421 1045 3479 quoque
1065 3409 1097 3466 et
1117 3407 1279 3466 Antinous
1300 3421 1385 3466 aoce-

209 3521 341 3580 demus:
373 3518 562 3593 gravissimi
593 3518 680 3578 enim
712 3519 838 3578 labores
869 3520 1028 3579 subeundi
1051 3521 1158 3594 potius
1182 3535 1281 3593 quarn
1303 3520 1387 3580 hanc

209 3635 243 3692 in
276 3648 335 3692 nos
366 3632 581 3691 admittamus
613 3632 816 3691 infamiam'’.
850 3632 911 3691 Hic
935 3648 1010 3706 ergo
1031 3634 1159 3712 haere0,
1184 3648 1288 3707 neque
1312 3649 1386 3706 quo·

209 3746 305 3806 modo
349 3761 404 3805 me
455 3745 613 3804 extricem
659 3745 771 3804 habeo.
819 3745 923 3804 Versu
974 3747 1038 3805 260
1083 3747 1167 3806 hanc
1209 3747 1387 3820 proponitis

208 3860 400 3920 lectionem:

387 3969 459 4051 ἀτὰρ
482 3967 605 4041 residuus
629 3992 669 4051 γε’
685 3969 809 4046 ἐάσομεν
834 3965 942 4030 ἐνθάδ’
971 3969 1105 4042 ἅπαντας

210 4101 273 4159 qua
303 4088 389 4146 certe
420 4085 566 4159 legitime
597 4086 760 4144 structura
785 4087 817 4144 et
841 4084 937 4144 huius
961 4087 994 4144 et
1017 4085 1183 4158 sequentis
1206 4088 1387 4147 sententiae

209 4199 409 4259 restituitur:
434 4214 512 4258 narn
534 4214 617 4271 quae
641 4213 727 4257 nunc
750 4198 902 4272 leguntur

405 4308 478 4390 ἀτὰρ
501 4308 623 4382 asiduus
647 4332 679 4391 γε
702 4307 752 4370 καὶ
776 4305 846 4370 αἴν’
874 4308 987 4389 ἒᾶωμεν
1011 4311 1143 4383 ἅπαντας

391 4420 533 4504 ἑστάμεν,
556 4423 592 4485 οὐ
616 4420 670 4500 μὲν
692 4423 748 4504 γάρ
772 4419 824 4484 τιν’
850 4422 1066 4505 ἀναιρήσεσθαι
1090 4421 1141 4486 ὀίω
