3310 5262
854 667 915 726 114

296 855 441 930 ,vetus”.
466 855 535 913 Has
559 869 617 926 ego
641 852 680 911 ob
704 868 819 912 causas
842 855 949 912 totum
972 855 1059 914 istud
1077 850 1164 933 γέρον
1183 858 1299 916 natum
1318 857 1469 932 suspicor

293 985 311 1028 e
341 968 439 1028 verbo
470 967 712 1042 elegantissime
743 967 872 1040 quidem
902 968 1017 1044 posite,
1052 971 1197 1043 quodque
1221 986 1375 1045 magnam
1397 972 1473 1032 loco

291 1083 459 1156 praeberet
490 1083 705 1156 venustatem,
737 1082 802 1156 sed,
827 1083 988 1154 quoniam
1019 1085 1227 1160 structuram,
1257 1101 1355 1159 quam
1379 1101 1473 1146 exor-

292 1196 399 1271 nabat,
436 1210 639 1268 corrumpere
673 1193 845 1270 videretur,
881 1195 975 1254 facile
1010 1196 1175 1256 inutilium
1211 1199 1474 1260 coniecturarum

293 1324 408 1368 ansam
431 1307 583 1382 praebere
602 1308 729 1381 posset;
751 1309 784 1366 et
804 1323 878 1367 oum
897 1309 999 1368 semel
1019 1325 1038 1368 a
1058 1311 1251 1371 coniecturis
1270 1314 1473 1386 praesidium

292 1423 463 1497 peteretur,
497 1421 568 1494 ipsa
597 1407 739 1480 narratio
770 1423 884 1494 sponte
915 1422 993 1481 illud
1023 1419 1120 1502 γέρον,
1147 1426 1298 1498 quamvis
1321 1427 1472 1500 ineptum

292 1538 387 1610 esset,
413 1534 690 1594 subministrabat.
716 1534 801 1594 Olim
828 1550 902 1609 ergo
926 1535 974 1596 sio
996 1535 1154 1611 scriptum
1178 1539 1339 1613 suspicor:

446 1657 482 1732 τῇ
505 1642 537 1707 δ’
563 1644 645 1728 ἑτέρη
670 1646 760 1719 σάκος
784 1646 855 1728 εὐρὺ
874 1642 987 1727 ’φέρεν,
1010 1646 1237 1729 πεπαλαγμένον
1260 1647 1323 1736 ἅζγ.

336 1877 399 1935 248
424 1891 492 1949 sqq.
518 1876 671 1952 Minerva,
696 1877 828 1950 sumpta
851 1877 1004 1936 Mentoris
1028 1875 1140 1953 figura,
1165 1878 1249 1938 bona
1273 1894 1329 1953 spe
1354 1880 1473 1954 implet

290 1990 446 2064 Ulyssem
473 1988 605 2063 eiusque
636 1990 750 2065 socios,
783 1991 854 2049 turn
885 1991 919 2048 in
942 2006 1038 2050 avem
1066 2006 1221 2051 conversa
1245 1992 1352 2051 evolat
1376 1995 1408 2052 et
1432 1993 1468 2053 in

291 2105 453 2178 superiore
477 2106 568 2178 parte
593 2104 755 2163 conclavis
774 2104 898 2164 assidit.
924 2104 1103 2164 Mentorem
1124 2121 1198 2179 ergo
1220 2107 1286 2164 iam
1307 2122 1371 2165 non
1393 2121 1471 2166 eum

291 2218 485 2277 adversariis
512 2219 656 2276 stantem
680 2218 794 2276 videns
819 2233 988 2291 procorum
1014 2234 1098 2277 unus
1121 2219 1263 2292 Agelaus
1287 2220 1334 2278 sic
1361 2220 1469 2279 socios

290 2348 376 2409 suos,
401 2333 456 2406 qui
480 2333 580 2392 etiam
603 2333 786 2407 supersunt,
812 2332 1018 2392 adhortatur:

446 2438 469 2505 ὦ
492 2445 584 2521 φίλοι,
605 2441 665 2523 ἤδη
689 2443 786 2523 σχήσει
812 2441 888 2522 ἀνὴρ
905 2443 962 2504 ’ὅδε
985 2449 1083 2523 χεῖρας
1110 2441 1250 2517 ἀάπτους·

445 2556 496 2618 καὶ
519 2557 557 2635 δή
579 2560 631 2618 for
655 2555 783 2634 Μέντωρ
806 2552 860 2634 μὲν
883 2555 937 2636 ἔβη
960 2552 1038 2616 κενέ’
1065 2555 1195 2638 εὔγματα
1217 2558 1340 2618 fernme.

333 2675 457 2748 Ergone
480 2673 567 2746 proci
591 2688 715 2746 quoque
739 2673 918 2731 Minervam
942 2673 1103 2732 dicentem
1128 2673 1339 2732 audiverunt:

446 2781 504 2846 ἀλλ’
531 2783 582 2864 ἄγε
606 2786 704 2864 δεῦρο,
726 2783 832 2861 πέπον,
856 2779 921 2864 παρ’
949 2780 989 2862 ἔμ’
1016 2785 1116 2846 ἵστασο
1140 2785 1221 2846 aad?

290 2901 351 2960 Sed
374 2901 434 2960 hoo
457 2901 562 2960 mitto.
587 2901 746 2974 Agelaum
771 2902 956 2960 monentem
983 2901 1171 2960 audiamus:

444 3024 483 3096 τῷ
507 3021 564 3072 νῦν
588 3012 627 3090 μὴ
651 3011 711 3090 ἅμα
735 3013 841 3084 πάντες
866 3010 965 3087 ἀφίετε
990 3014 1121 3090 δούρατα
1144 3013 1250 3091 μακρά.

289 3127 358 3186 Ηοο
392 3127 554 3201 intelligo;
586 3127 614 3186 si
645 3127 742 3186 simul
770 3142 884 3187 omnes
908 3127 974 3186 tela
997 3128 1119 3186 iaciunt
1143 3130 1199 3186 aut
1222 3143 1336 3187 omnes
1360 3144 1462 3187 unum

289 3256 423 3315 scopum
454 3241 590 3316 petendo
622 3242 694 3314 plus
725 3241 864 3300 telorum
896 3241 1072 3300 absumunt
1096 3257 1193 3314 quam
1218 3256 1298 3316 opus
1322 3244 1381 3317 est,
1407 3244 1464 3301 aut

289 3355 500 3414 tumultuarie
535 3356 644 3428 agunt.
681 3353 748 3428 Quo
783 3354 878 3413 modo
914 3369 989 3427 ergo
1020 3354 1181 3428 agendum
1218 3371 1289 3415 esse
1323 3355 1464 3430 prudens

290 3468 382 3549 docet
404 3469 585 3542 magister?

557 3576 613 3640 ἀλλ’
641 3573 723 3660 ἄγεθ’
749 3579 778 3639 οἳ
799 3575 852 3651 H}
875 3588 992 3657 πρῶτον
1015 3577 1185 3640 ἄκοντίσατε

337 3694 430 3770 „Vos
467 3696 521 3768 qui
556 3711 616 3754 sex
646 3709 781 3754 numero
813 3694 913 3752 estis”
946 3696 1137 3762 (enumerati
1161 3697 1271 3754 autem
1296 3711 1370 3755 oum
1394 3696 1464 3770 ipso

289 3809 410 3882 Agelao
445 3811 522 3868 sunt
556 3824 622 3868 vss.
660 3809 721 3867 241
759 3811 839 3880 sqq.)
877 3808 1039 3882 ,primum
1075 3809 1223 3868 coniicito
1254 3808 1350 3868 tela’'.
1383 3809 1464 3868 Vos

289 3923 477 3998 primum,
499 3925 531 3982 et
551 3923 664 3982 deinde
684 3923 763 3995 qui?
782 3921 947 3994 Vulgusne
967 3924 1160 3996 procorum?
1179 3923 1224 3982 At
1243 3923 1317 3995 quid
1334 3923 1465 3996 prodest

289 4037 448 4095 eiusmodi
472 4037 659 4096 consilium:
684 4038 721 4094 ut
744 4036 841 4094 duces
864 4036 1006 4108 primum
1030 4037 1095 4095 tela
1118 4036 1261 4110 mittant,
1284 4035 1397 4095 deinde
1417 4036 1464 4095 illi

290 4150 405 4222 quibus
446 4151 624 4223 praesunt?
659 4150 822 4208 Meliorem
862 4152 948 4208 certe
982 4150 1089 4208 locum
1124 4149 1270 4223 reddidit,
1307 4149 1363 4207 sed
1399 4164 1463 4208 non

289 4263 476 4336 perennavit
505 4263 650 4322 Naberus
680 4263 814 4336 legendo
842 4263 871 4321 οἳ
891 4258 944 4333 ele
968 4271 1085 4340 πρῶτοι.
1110 4262 1143 4320 Si
1167 4263 1254 4321 enim
1278 4263 1375 4320 duces
1399 4262 1465 4322 tela

289 4377 431 4451 mittent,
466 4377 543 4449 ¹quid
577 4377 674 4436 faciet
705 4376 846 4450 vulgus?
878 4377 1067 4436 Otiosumne
1099 4376 1265 4435 adstabit?
1296 4375 1347 4434 Sic
1379 4377 1465 4434 certe

289 4490 364 4548 telis
398 4490 549 4564 parcitur,
582 4492 637 4550 sed
668 4505 783 4564 parum
811 4488 984 4564 proficitur.
1008 4489 1165 4563 Equidem
1189 4490 1264 4563 quid
1287 4489 1340 4547 hie
1363 4489 1465 4562 requi-
