3270 5262
838 617 880 675 70

313 799 354 859 49
387 816 433 874 sq.
467 801 610 861 Oonsidit
641 818 715 877 ergo
747 802 960 862 Telemachus
992 802 1025 860 in
1049 801 1226 861 ramalibus
1250 801 1442 876 quibusdam

268 912 387 973 vellere
411 915 449 974 ab
474 915 615 976 Eumaeo
640 915 823 976 constratis.

446 1032 539 1087 τοῖσιν
564 1024 595 1087 δὲ
619 1028 733 1107 κρεάων
756 1029 884 1100 πίνακας
907 1025 1061 1107 παρέθηκε
1084 1026 1219 1106 συβώτης

448 1136 607 1217 ὀπταλέων,
629 1139 648 1199 ά
671 1140 708 1220 ῥα
731 1150 766 1225 τῇ
789 1138 915 1224 προτέρῃ
939 1137 1098 1200 ὑπέλειπον
1121 1139 1245 1212 ἔδοντες.

312 1255 411 1314 Estne
431 1255 641 1315 Homericum
661 1256 739 1315 illud
751 1265 786 1339 τῇ
798 1251 933 1337 προτέρῃ,
946 1255 1080 1315 articulo
1093 1254 1225 1315 addito?
1237 1256 1308 1314 Non
1320 1256 1440 1330 opinor.

313 1481 353 1538 65
389 1494 436 1552 sq.
469 1479 613 1553 Rogatus
645 1496 664 1539 a
694 1481 887 1540 Telemacho
918 1480 990 1554 quis
1023 1481 1066 1539 sit
1096 1480 1214 1553 hospes
1245 1479 1299 1539 ille
1329 1479 1441 1554 paucis

268 1592 373 1650 verbis
405 1592 521 1665 repetit
551 1593 713 1653 Eumaeus
744 1583 826 1668 quae
854 1594 922 1667 ipse
945 1593 1081 1666 Ulysses
1105 1593 1206 1667 pridie
1230 1594 1383 1669 narravit,
1408 1596 1441 1653 et

267 1705 314 1763 sic
337 1706 557 1766 narrationem
582 1708 759 1767 concludit:

443 1827 501 1878 νῦν
525 1810 563 1878 αὖ
591 1821 773 1899 Θεσπρωτῶν
798 1817 916 1896 ἀνδρῶν
940 1817 1021 1897 παρὰ
1044 1817 1117 1896 νηὸς
1140 1816 1274 1897 ἀποδρὰς

443 1927 534 2010 ἤλυθ’
561 1931 632 2010 ἐμὸν
655 1931 728 2012 πρὸς
753 1931 898 2010 σταθμὸν,
921 1931 975 2012 ἐγὼ
1000 1930 1033 1991 δέ
1056 1953 1099 1991 τοι
1124 1929 1292 2011 ἐγγυαλίξω.

309 2046 440 2120 Quando
470 2047 568 2106 faciet
598 2047 759 2107 Eumaeus
791 2048 874 2121 quod
902 2063 936 2106 se
960 2048 975 2106 f
981 2049 1174 2106 acturum
1198 2047 1283 2122 dicit,
1309 2049 1342 2105 et
1365 2063 1438 2120 quo·

265 2161 384 2219 modo?
403 2161 592 2220 Manibusne
611 2163 685 2235 post
704 2164 795 2236 terga
807 2162 961 2221 revinctis
974 2161 1137 2235 hospitem
1149 2159 1214 2220 lilio
1227 2161 1298 2220 erili
1309 2161 1439 2220 tradet?

264 2273 412 2332 Minime:
433 2289 499 2332 non
518 2274 606 2332 enirn
625 2274 704 2333 illud
723 2253 901 2352 ἐμμοαλίζειν
921 2275 1057 2333 verbum
1076 2274 1129 2332 hio
1144 2275 1314 2347 tamquam
1326 2276 1439 2335 stricto

265 2401 363 2445 sensu
386 2386 510 2445 dictum
533 2388 583 2445 est
607 2387 837 2462 accipiendum,
863 2403 965 2461 neque
988 2388 1153 2447 facturum
1176 2403 1211 2447 se
1232 2388 1350 2462 aliquid
1369 2404 1437 2462 pro-

263 2499 367 2558 mittit
390 2499 561 2575 Eumaeus
586 2501 643 2559 sed
667 2500 781 2559 statim
806 2500 856 2559 his
879 2501 1003 2560 verbis:

440 2608 548 2689 άὲρξον
573 2611 652 2683 ὅπως
676 2609 794 2684 ἐθέλεις·
819 2611 914 2690 ἱκέτης
938 2611 970 2673 δέ
993 2637 1037 2674 τοι
1060 2611 1172 2693 εὔχεται
1196 2609 1272 2675 εἶναι

263 2726 425 2799 hospitem
448 2725 634 2785 Telemachi
657 2726 817 2800 permittit
841 2727 981 2787 arbitrio.
1004 2728 1087 2802 Lege
1108 2744 1200 2802 ergo:
1221 2725 1387 2809 ἐγγυαλίξω.
1400 2733 1438 2790 In

262 2841 407 2898 mentem
427 2839 480 2898 hio
499 2840 579 2898 mihi
599 2840 689 2898 venit
701 2840 817 2914 Lysiae
829 2841 891 2900 loci
903 2841 1102 2915 lepidissime
1115 2842 1438 2917 ingeniosissimeque

262 2967 280 3010 a
300 2950 471 3010 Weidnero
492 2951 525 3010 in
545 2952 708 3026 integrum
728 2953 880 3013 restituti.
903 2953 962 3028 Qui
981 2955 1080 3014 verba
1096 2955 1173 3014 facit
1185 2957 1280 3016 modo
1293 2958 1438 3016 narravit

261 3065 299 3124 de
331 3065 439 3138 aliqua
461 3081 495 3124 re
519 3068 592 3124 acta
615 3066 649 3124 in
673 3066 813 3125 comitiis
836 3067 953 3142 populi,
980 3068 1147 3142 additque:
1171 3065 1221 3127 καὶ
1244 3069 1356 3128 τούτων
1381 3067 1436 3148 ἐμὼ

261 3175 337 3253 ὑμᾶς
358 3178 471 3249 πάντας
491 3178 639 3258 μάρτυρας
658 3177 831 3258 παρέξομαι,
851 3181 943 3255 quasi
962 3197 1039 3241 vero
1059 3180 1151 3241 linita
1170 3183 1314 3242 oratione
1329 3185 1435 3243 toturn

262 3293 416 3366 populum
449 3293 571 3352 viritim
596 3293 822 3353 testimonium
846 3295 907 3353 sihi
931 3295 1035 3354 dicere
1059 3296 1103 3354 sit
1126 3296 1282 3356 iussurus.
1307 3297 1437 3355 Primus

262 3405 454 3465 Weidnerus
477 3406 559 3466 vidit
582 3402 745 3485 παρέχομαι
770 3423 841 3467 esse
864 3407 1046 3481 legendum.

308 3629 367 3688 147
401 3644 469 3702 sqq.
501 3629 646 3704 Rogatus
678 3631 716 3690 ab
747 3632 889 3691 Eumaeo
921 3633 1134 3693 Telemachus
1165 3635 1307 3693 etiamne
1337 3648 1436 3695 avum

259 3742 409 3802 Laertem
440 3744 478 3802 de
508 3745 613 3803 reditu
644 3759 703 3803 suo
735 3745 905 3804 certiorem
935 3744 1004 3804 fieri
1035 3747 1122 3822 velit,
1156 3747 1308 3821 quoniam
1335 3749 1437 3808 miser

259 3855 312 3914 ille
354 3856 448 3929 plane
483 3857 526 3915 sit
561 3857 700 3916 afflictus
736 3873 777 3916 ex
811 3874 873 3931 quo
908 3874 1007 3932 nepos
1042 3859 1103 3919 iter
1138 3861 1216 3920 illud
1247 3863 1434 3938 susceperit,

259 3969 449 4042 respondet:

436 4078 547 4161 iilyrov·
571 4077 635 4141 ἀλλ’
663 4081 757 4161 ἔμπης
781 4107 832 4161 μιν
856 4083 981 4163 ἐάσομεν
1007 4085 1169 4165 ἀχνύμενοί
1189 4107 1251 4164 περ.

435 4194 462 4252 ει’
483 4194 538 4273 γάρ
562 4215 625 4268 πως
648 4195 693 4274 εἴη
717 4196 879 4278 αὐτάγρετα
903 4199 1000 4258 πάντα
1023 4201 1164 4279 βροτοῖσι,

435 4306 553 4386 πρῶτόν
576 4330 627 4368 ιιεν
650 4318 703 4369 τοῦ
727 4310 838 4390 πατρὸς
862 4309 1002 4397 ἑλοίμεθα
1025 4312 1165 4390 νόστιμον
1188 4305 1278 4394 ἦμαρ.

303 4420 499 4494 Quantocius
544 4423 762 4497 recipiendam
809 4427 841 4484 in
888 4429 1017 4487 textum
1060 4444 1175 4488 censeo
1218 4430 1436 4490 coniecturam
